2550 3300
308 355 1755 92 Nom de référence : imp_wikitexte_0160

300 565 1703 106 Janick Kamber, né le 26 février 1992 à

284 702 1972 88 Mümliswil-Ramiswil, est un footballeur suisse qui

271 812 2108 88 évolu>e< au club de Neuchâtel Xamax FCS. Tiszaroff est

267 920 2147 93 un village et une commune du comitat de Jász-Nagykun-

280 1039 2101 86 Szolnok en Hongrie. Le Tournoi de Montevidéo (en anglais :

277 1158 2078 81 Pan American Open Montevideo) est une ancienne compétition

278 1278 2101 75 de judo organisée chaque année en mars à Montevideo en

275 1380 2223 90 Uruguay. Créée en 2013 par la Panamerican Judo Confederation

277 1499 2118 81 (PJC), elle n'a eu lieu que trois fois. Elle faisait partie de

277 1617 2060 78 la Coupe du monde de judo masculine et féminine.

273 1719 2177 92 Les Sables Vendée Basket est un club de basket-ball

273 1846 2210 75 français évoluant en NM1 basé dans la ville des Sables-

280 1947 2134 97 d'Olonne. Enrique Rosas Aragón (né en 1877 à Puebla -

278 2064 2059 86 décédé le 9 août 1920 à Mexico) était un pionnier du

275 2166 2134 105 cinéma mexicain. D'abord exploitant itinérant de films,

280 2299 2069 82 puis réalisateur, scénariste, producteur et monteur,

280 2389 2201 153 Rosas s'est distingué par son talent technique autodidacte,

282 2506 2174 93 et son sens du journalisme. Son film le plus marquant

282 2634 1374 86 est El automóvil gris, en 1919.
