2550 3300
291 350 1039 99 Nom de référence : imp_wikitexte_0143

291 561 1901 115 Youri Bykov ou Jurij Bykov(russe : - - -), né le 15 août 1981 à

291 691 1233 97 Novomitchourinsk, est un réalisateur russe.

288 795 1948 108 Wachenheim est une municipalité allemande située dans le land de

288 909 2071 117 Rhénanie-Palatinat, arrondissement d'Alzey-Worms et appartient à

289 1021 1956 117 la commune fusionnée de Monsheim (Verbandsgemeinde). Elle est

282 1142 1994 108 située au bord de la Pfrimm dans le Zellertal qui est traversé par la

295 1252 1141 106 Bundesstra-e 47 (route fédérale 47).

288 1367 2021 107 ABC World News Tonight (intitulé ABC World News Tonight with David

289 1481 2070 104 Muir pour les éditions en semaine ou simplement ABC World News pour les

289 1596 2037 101 éditions le week-end) est l'émission d'information principale de la chaîne

289 1714 2046 104 American Broadcasting Company présenté par David Muir. Créé comme

308 1822 2067 106 le journal d'information du soir de la chaîne en 1953, il a régulièrement

286 1930 2005 108 changé de nom et de présentateur. Peter Jennings a présenté World

293 2042 2071 123 News Tonight pendant 27 ans et reste le présentateur emblématique.
