2550 3300
242 232 1821 112 Nom de reference: imp_wikitexte_0272

242 454 2076 116 Cindy Van Wilder est une autrice non binaire

242 574 1290 116 de romans belge née en 1983.

242 684 2112 102 NBA Action est un jeu vidéo de basket-ball

236 803 1056 96 développé par Visual

239 907 2137 121 Concepts Entertainment et édité par Sega sur

242 1028 2041 97 Saturn, PlayStation et PC (Windows),,,,

238 1133 2295 148 La version PlayStation s'intitule NBA Fastbreak

266 1265 141 93 '98.

242 1380 2109 105 Bangonadji est une commune située dans

236 1490 2124 99 le departement d'Oursi, dans la province

247 1584 2261 126 d'Oudalan, région du Sahel, au Burkina Faso.

225 1699 2099 132 Aruna Asaf All(Kalka 16 juillet 1996), née

242 1826 2222 121 Aruna Ganguly, est une militante indepen-

236 1954 2031 99 dantisme. Elle est comme pour avoir

255 2048 2025 116 hissé le drapeau du Congres national

236 2161 2258 118 indien au Gowalia Tank à Bombay pendant

236 2288 1763 93 le mouvement Quit India en 1942.

233 2389 2237 105 Après l'indépendance indienne, elle reste active

234 2504 2229 112 en politique, devenant maire de Delhi en 1958.

242 2623 2173 99 Dans les années 1960, elle lance une maison d'

240 2728 2172 117 édition. Elle reçoit la plus haute distinction

236 2843 2261 118 civile indienne, le Bharat Ratna, à titre posthume,

236 2975 391 84 en 1992.
