2550 3300
382 363 1356 99 Nom de réference : imp_wikitexte_0145

374 472 1984 105 Walter Kraft est un organiste et compositeur allemand, né

317 577 2091 108 le 09 juin 1905 à Cologne et mort le 9 mai 1977 à Amsterdam.

297 703 2098 89 Tom Eyen (né le 14 août 1940 dans l'Ohio et mort le 26 mai 1991

288 832 1601 75 à Palm Beach) est un dramaturge américain.

293 935 2080 97 Il reçoit un Tony Award pour sa comédie musicale dreamgirls

291 1052 266 75 en 1982.

315 1166 2016 89 Jagodne Wielkie est un village polonais de la voïvodie de Varmie-

297 1263 1176 118 Mazurie, dans le powiat de Gi-ycko.

277 1395 2056 90 Marcel Pouyet, né le 21 juillet 1912 à Loriges (Allier) et mort

280 1509 2070 86 le 11 octobre 1987 à Moulins (Allier), est un homme politique

273 1624 310 88 français.

317 1714 1963 101 Christopher Alexander Luis Casillas von Uckermann (né

293 1844 2222 90 le 21 octobre 1986 à Mexico) est un acteur, chanteur-compositeur,

282 1969 1791 77 producteur de musique et entrepreneur mexicain.

284 2065 2135 85 Tormod Haugen (12 mai 1945 - 18 octobre 2008) est un écrivain

286 2185 2058 111 norvégien, auteur de littérature d'enfance et de jeunesse.
