2550 3300
179 377 2128 132 Laura Fitinghoff, née Laura Mathilda Bernhardina Runsten, le

187 573 2186 81 14 mars 1848 et morte le 17 août 1908, est une écrivaine suédoise.

174 729 2308 169 Elle est connue pour ses livres pour enfants ; et plus particulièrement

184 899 2255 143 pour Les Enfants du Grand Fjell (Barnen ifr-n Frostmofjället).

159 1116 2283 143 Rafael Zaldivar, né le 9 novembre 1982 à Camagüey à Cuba,

152 1255 2192 147 est un pianiste, interprète et compositeur de jazz, directeur

126 1404 908 139 artistique et professeur.

97 1567 2399 147 Echinochasmus beleocephalus est une espèce de trématodes

106 1745 1409 119 de la famille des Echinostomatidae.

117 1912 2183 134 Mayweather contre Pacquiao est une rencontre de boxe

97 2053 2405 156 anglaise qui a opposé les boxeurs professionnels Floyd Mayweather

111 2220 2121 192 Jr. et Manny Pacquiao le 2 mai 2015 au MGM Grand

89 2368 2372 141 Garden Aréna à Las Vegas. May_weather obtient la victoire

108 2537 2370 164 à l’unanimité des trois juges-arbitres (118-110, 116-112, 116-112).

102 2750 2213 111 La rencontre a été vendue comme le « combat du siècle »

1386 66 773 93 imp_wikitexte_0141
