2550 3300
214 371 2041 132 Le Unterseebott 460 (U-460) rst un U-Boot type

220 500 1991 127 XIV utilisé par la Kriegsmarine pendant la Seconde

229 612 603 92 Guerre mondiale.

231 724 2029 123 Jackass Forever, Jackass toujours au Québec, est un

225 848 2033 105 film américain réalisé par Jeff Tremaine, sorti en

227 962 224 72 2022.

234 1063 1954 117 Paamiut (Pâmiut avant 1973) est une localité du

236 1179 1711 119 Groenland située dans la municipalité de

228 1300 462 105 Sermersooq.

218 1405 1963 118 Zaccaria Pasqualigo, né en 1600 à Vérone et

242 1520 1722 116 mort le 17 février 1664 à Rome, est un

232 1639 1149 106 théologien théatin italien.

242 1749 1942 115 Staff Benda Bilili est un orchestre originaire de

239 1856 1980 140 Kinshasa, en République démocratique du Congo,

228 1980 1991 110 composé principalement de personnes handicapées.

228 2092 1898 110 Le stade de la Coupe du monde de Jeonju (en

233 2205 1890 118 hangeul: - - -), en anglais Jeonju World Cup

234 2321 1965 110 Stadium (surnommé Château Jeonju) est un stade

240 2434 1932 108 de football situé à Jeonju en Corée du Sud.

214 2541 1948 118 Il a une capacité de 42 477 places. C'est le

236 2667 1887 105 domicile du club de Chonbuk Hyundai Motors.

1639 178 611 99 IMP_wikitexte_0102
