2550 3300
151 283 1562 118 Nom de référence : imp_wikitexte_0152

174 333 2245 185 Rafael Campo Pomar (24 octobre 1813 - 1er mars 1890) est président

184 451 1835 148 du Salvador du 12 février 1856 au 1er février 1858.

177 504 2273 192 Campo est né à Sonsonate, au Salvador. Ses parents sont Pedro

172 589 2284 212 Campo Arpa et Juana Maria Pomar. Son père était né à

181 685 2306 240 Torrijo del Campo (Teruel), en Espagne, le 26 juin 1772. Ra-

172 799 2326 244 fael Campo était le cousin germain du Marquis de Campo

162 907 2244 222 à Valence, en Espagne. Campo est élu président le 30

143 1043 2207 192 janvier 1856. Il cède le pouvoir à son vice-président,

152 1144 2320 187 Francisco Dueñas, le 12 mai de la même année, mais re-

166 1224 2332 215 prend la présidence le 19 juillet. Il est membre du Par-

152 1437 734 103 ti conservateur.

198 1404 2196 255 Campo a démissionné après que la grave épidémie de

206 1507 2244 272 choléra de 1857 a épuisé le pays. Il est en poste pen-

179 1640 2306 244 dant la « guerre nationale » en Amérique centrale con-

179 1739 2180 239 tre William Walker et ses flibustiers, une période

181 1934 1193 161 difficile pour cette région.

206 1925 2286 302 Il meurt le 1er mars 1890 à Puerto de >Ajer< Acajutla,

216 2185 877 121 à l'âge de 76 ans.
