2550 3300
1596 251 759 97 imp_wikitexte_0086

299 453 1981 116 Mikhaïl Alexandrovitch Tchekhov (en russe : - - - ;

291 579 1785 93 en anglais : Michael Chekhov), né le 17 août 1891

299 700 2140 93 (29 août dans le calendrier grégorien) à Saint-Pétersbourg

293 810 2157 104 et mort le 30 septembre 1955 à Beverly Hills, est un acteur,

286 933 2177 88 metteur en scène et auteur dramatique russo-américain.

293 1142 1934 112 Efrem Zimbalist II (aussi dit Efrem ><

293 1245 2038 126 Zimbalist Jr. ; en anglais : " Efrem Zimbalist, Jr. ")

291 1377 2007 95 est un acteur américain, né le 30 novembre 1918 à

286 1485 2041 121 New York et mort le 2 >mai< mai 2014 à Solvang,

288 1604 502 97 Californie,.

286 1824 2062 104 Anne Strésor ou Anne-Renée Strésor, née à Paris

286 1945 1992 91 le 23 janvier 1651 et morte dans la même ville

288 2055 1718 97 le 6 décembre 1713, est une artiste peintre

299 2178 1871 93 française spécialisée dans les miniatures puis

286 2281 1820 117 dans les tableaux religieux après qu'elle a

291 2403 549 101 pris le voile.
