<?xml version="1.0" encoding="UTF-8"?>
<alto xmlns:xsi="http://www.w3.org/2001/XMLSchema-instance"
      xmlns="http://www.loc.gov/standards/alto/ns-v4#"
      xsi:schemaLocation="http://www.loc.gov/standards/alto/ns-v4# http://www.loc.gov/standards/alto/v4/alto-4-2.xsd">
  <Description>
    <MeasurementUnit>pixel</MeasurementUnit>
    <sourceImageInformation>
      <fileName>imp_wikitexte_0125.jpg</fileName>
    </sourceImageInformation>
  </Description>
  <Tags>
    <OtherTag ID="BT1" LABEL="Title" DESCRIPTION="block type Title"/><OtherTag ID="BT2" LABEL="Main" DESCRIPTION="block type Main"/><OtherTag ID="BT3" LABEL="Commentary" DESCRIPTION="block type Commentary"/><OtherTag ID="BT4" LABEL="Illustration" DESCRIPTION="block type Illustration"/><OtherTag ID="BT236" LABEL="text" DESCRIPTION="block type text"/>
    <OtherTag ID="LT236" LABEL="default" DESCRIPTION="line type default"/>
  </Tags>
  <Layout>
    <Page WIDTH="2550"
          HEIGHT="3300"
          PHYSICAL_IMG_NR="0"
          ID="eSc_dummypage_">
      <PrintSpace HPOS="0"
                  VPOS="0"
                  WIDTH="2550"
                  HEIGHT="3300">
        <TextBlock HPOS="168"
                   VPOS="58"
                   WIDTH="2315"
                   HEIGHT="2330"
                   ID="eSc_textblock_7dc0d8e1"
                   TAGREFS="BT236">
          <Shape><Polygon POINTS="344 58 1157 73 1201 80 1232 132 1414 146 2388 161 2417 577 2322 716 2388 777 2454 968 2461 1039 2432 1105 2461 1129 2483 1354 2461 1604 2403 1846 2351 1926 2293 1958 2359 2024 2351 2088 2395 2207 2373 2286 2148 2315 2080 2352 1845 2308 865 2308 682 2337 695 2366 614 2388 271 2388 227 1860 234 1400 183 1347 168 1281 220 1193 242 1054 256 249 198 232 190 161 205 132 269 132 308 66 344 58"/></Shape>
          <TextLine ID="eSc_line_369daed8"
                    TAGREFS="LT236"
                    BASELINE="313 100 779 130 1181 130" 
                    HPOS="313"
                    VPOS="58"
                    WIDTH="868"
                    HEIGHT="96">
            <Shape><Polygon POINTS="350 58 339 58 313 67 313 100 315 126 332 117 416 117 436 128 449 137 451 137 453 137 454 137 498 130 513 128 524 130 555 141 557 141 559 143 623 143 623 141 625 141 642 133 651 128 656 133 669 144 671 144 673 144 675 144 676 144 678 144 686 139 693 144 693 146 695 146 697 146 893 154 895 154 897 154 937 141 942 139 948 141 994 152 996 152 997 152 999 152 1025 143 1029 141 1038 143 1084 152 1086 152 1179 144 1181 130 1179 84 1076 89 1032 80 1018 78 1016 78 1005 80 952 91 922 78 913 75 911 75 909 75 891 78 851 88 832 77 823 71 821 71 820 71 818 71 788 77 750 84 735 77 722 67 720 67 719 67 717 67 715 67 713 67 713 69 706 75 698 84 675 84 570 73 502 67 500 67 379 69 372 69 357 58 350 58"/></Shape>
	    <String CONTENT="imp.wikitexte-0125"
                    HPOS="313"
                    VPOS="58"
                    WIDTH="868"
                    HEIGHT="96"></String>
          </TextLine>
          <TextLine ID="eSc_line_3222f97a"
                    TAGREFS="LT236"
                    BASELINE="316 311 737 309 2377 320" 
                    HPOS="310"
                    VPOS="236"
                    WIDTH="2074"
                    HEIGHT="145">
            <Shape><Polygon POINTS="310 338 1257 354 1405 341 1438 357 1720 328 1835 381 1909 343 1983 360 2373 338 2376 319 2384 259 2109 277 2046 244 1942 244 1895 269 1862 242 1848 242 1801 272 1801 275 1592 275 1543 242 1331 269 1276 239 1270 239 1130 269 1094 239 998 250 979 236 965 236 935 258 902 236 830 236 803 258 775 236 682 236 643 269 528 269 508 253 313 264 313 310"/></Shape>
	    <String CONTENT="Pierre Barbedette est un homme politique né"
                    HPOS="310"
                    VPOS="236"
                    WIDTH="2074"
                    HEIGHT="145"></String>
          </TextLine>
          <TextLine ID="eSc_line_20d87812"
                    TAGREFS="LT236"
                    BASELINE="288 429 1438 427 2384 438" 
                    HPOS="288"
                    VPOS="336"
                    WIDTH="2096"
                    HEIGHT="131">
            <Shape><Polygon POINTS="289 458 330 447 467 458 497 460 498 460 543 458 730 447 906 447 926 456 939 462 941 462 942 462 992 456 1054 451 1230 456 1454 463 1456 463 1735 454 1781 454 1794 454 1895 465 1896 467 2261 467 2261 465 2383 452 2384 438 2383 366 2295 363 2293 363 2291 363 2285 364 2234 377 2153 368 2151 368 2150 368 2148 368 2091 381 2006 364 1999 363 1997 363 1893 361 1891 361 1889 361 1878 364 1803 392 1590 375 1517 364 1507 361 1506 361 1504 361 1502 361 1493 364 1429 390 1347 373 1306 363 1297 359 1295 359 1245 359 1243 359 1241 359 1229 363 1131 336 983 390 886 363 876 361 875 361 873 361 831 363 818 364 816 364 772 386 748 377 746 377 744 377 742 377 719 386 651 377 649 377 647 377 629 386 554 377 552 377 550 377 528 385 486 363 475 357 473 357 471 357 447 363 414 370 398 363 383 355 381 355 379 355 288 361 288 429"/></Shape>
	    <String CONTENT="le 6 mars 1827 à Poitiers (Vienne) et décédé le"
                    HPOS="288"
                    VPOS="336"
                    WIDTH="2096"
                    HEIGHT="131"></String>
          </TextLine>
          <TextLine ID="eSc_line_545a0477"
                    TAGREFS="LT236"
                    BASELINE="278 550 676 540 2397 550" 
                    HPOS="278"
                    VPOS="444"
                    WIDTH="2119"
                    HEIGHT="137">
            <Shape><Polygon POINTS="278 572 376 561 407 572 416 575 418 575 535 577 537 577 576 572 632 562 1131 568 1133 570 1152 579 1153 579 1155 579 1300 570 1324 568 1326 568 1346 579 1348 579 1473 581 1474 581 1476 581 1498 570 2206 575 2208 575 2395 564 2397 550 2395 506 2188 444 2119 454 2065 480 2063 480 2062 480 2060 480 2034 489 1994 469 1992 469 1990 469 1988 469 1924 495 1906 504 1816 504 1783 493 1707 467 1706 467 1704 467 1702 467 1654 489 1627 504 1456 504 1421 484 1386 465 1385 465 1342 465 1341 465 1339 465 1302 482 1232 465 1230 465 1229 465 1197 480 1159 498 1113 478 1082 465 1080 465 1078 465 968 474 871 484 834 473 818 467 816 467 814 467 812 467 803 471 750 500 707 477 590 467 581 463 579 463 473 462 471 462 469 462 462 465 405 493 346 462 344 462 343 462 278 462 278 550"/></Shape>
	    <String CONTENT="1er février 1901 dans le 8e arrondissement de Paris."
                    HPOS="278"
                    VPOS="444"
                    WIDTH="2119"
                    HEIGHT="137"></String>
          </TextLine>
          <TextLine ID="eSc_line_90327c29"
                    TAGREFS="LT236"
                    BASELINE="287 657 2181 658" 
                    HPOS="283"
                    VPOS="557"
                    WIDTH="1895"
                    HEIGHT="158">
            <Shape><Polygon POINTS="283 684 319 712 330 712 453 682 514 684 541 709 541 712 550 715 610 715 610 712 616 712 616 709 638 693 662 712 671 715 723 715 723 712 783 684 838 684 866 709 866 712 872 712 874 715 938 715 938 712 943 712 971 690 995 712 1004 715 1138 715 1138 712 1144 712 1193 684 1463 684 1479 698 1490 698 1526 684 1592 698 1642 684 2173 684 2178 657 2175 610 2079 610 2079 607 2043 580 1906 607 1845 572 1768 572 1730 605 1680 572 1669 572 1611 605 1565 572 1551 572 1510 610 1397 610 1353 577 1342 577 1281 610 1028 610 987 572 907 572 880 596 792 574 781 574 734 605 695 572 618 572 599 588 580 572 508 572 481 599 426 572 303 557 286 596 286 654"/></Shape>
	    <String CONTENT="Il est député puis sénateur de la Charente-"
                    HPOS="283"
                    VPOS="557"
                    WIDTH="1895"
                    HEIGHT="158"></String>
          </TextLine>
          <TextLine ID="eSc_line_24ec1e94"
                    TAGREFS="LT236"
                    BASELINE="260 779 319 770 454 766 801 766" 
                    HPOS="258"
                    VPOS="694"
                    WIDTH="543"
                    HEIGHT="121">
            <Shape><Polygon POINTS="260 779 260 801 297 808 299 808 300 808 326 801 354 792 363 799 377 812 377 814 379 814 381 814 383 815 478 815 478 814 480 814 482 814 502 797 511 792 798 792 801 766 798 731 726 731 719 726 711 718 711 716 709 716 708 716 706 716 704 716 680 722 647 731 587 718 585 718 533 727 521 716 521 715 519 715 517 715 515 715 513 715 511 715 497 724 473 709 449 694 447 694 445 694 410 694 409 694 407 694 405 694 394 704 365 727 332 700 324 694 322 694 321 694 319 694 258 694 260 779"/></Shape>
	    <String CONTENT="Inférieure."
                    HPOS="258"
                    VPOS="694"
                    WIDTH="543"
                    HEIGHT="121"></String>
          </TextLine>
          <TextLine ID="eSc_line_551519b2"
                    TAGREFS="LT236"
                    BASELINE="284 876 2372 880" 
                    HPOS="284"
                    VPOS="795"
                    WIDTH="2088"
                    HEIGHT="116">
            <Shape><Polygon POINTS="284 911 2370 905 2372 880 2370 797 2322 797 2320 797 2318 797 2258 828 2199 828 2157 808 2155 808 2153 808 2151 808 2098 823 2051 797 2049 797 2047 797 1997 797 1995 797 1994 797 1992 797 1931 818 1823 830 1766 799 1762 797 1761 797 1759 797 1757 797 1751 799 1709 815 1678 799 1673 797 1671 797 1581 797 1579 797 1577 797 1572 799 1552 810 1496 801 1476 797 1474 797 1473 797 1465 801 1412 828 1374 819 1372 819 1370 819 1368 819 1330 828 1275 801 1262 795 1260 795 1208 795 1207 795 1205 795 1192 801 1144 828 1062 828 1025 810 1023 810 1021 810 1020 810 986 828 944 828 898 803 889 799 887 799 886 799 884 799 873 803 812 826 766 803 750 795 748 795 645 795 643 795 642 795 623 804 579 828 491 828 447 814 445 814 443 814 379 826 339 806 319 795 317 795 315 795 313 795 284 804 284 876"/></Shape>
	    <String CONTENT="Yoshio Okada (- -, Okada Yoshio) né le 11 août"
                    HPOS="284"
                    VPOS="795"
                    WIDTH="2088"
                    HEIGHT="116"></String>
          </TextLine>
          <TextLine ID="eSc_line_7b3bc1be"
                    TAGREFS="LT236"
                    BASELINE="278 1006 1258 993 2436 999" 
                    HPOS="277"
                    VPOS="914"
                    WIDTH="2159"
                    HEIGHT="131">
            <Shape><Polygon POINTS="280 1037 321 1021 381 1024 403 1035 416 1043 418 1043 420 1045 543 1045 543 1043 544 1043 563 1034 594 1019 728 1019 809 1021 829 1032 853 1043 854 1043 856 1043 930 1030 985 1021 1095 1021 1109 1028 1135 1041 1137 1041 1139 1043 1227 1043 1227 1041 1229 1041 1275 1026 1287 1023 1372 1024 1585 1032 1586 1032 1687 1024 1718 1039 1720 1039 1722 1039 1724 1039 1762 1024 1825 1024 1854 1039 1856 1039 1858 1041 1995 1041 1995 1039 1997 1039 2028 1024 2324 1026 2326 1026 2434 1012 2436 999 2432 946 2298 946 2293 944 2260 927 2258 927 2256 927 2184 942 2164 946 2155 942 2120 924 2118 924 2117 924 2047 936 2001 914 1999 914 1953 914 1951 914 1950 914 1900 938 1885 947 1827 947 1810 936 1764 914 1762 914 1704 914 1702 914 1700 914 1660 935 1638 947 1592 935 1577 931 1575 931 1574 931 1515 935 1460 936 1452 933 1418 916 1416 916 1414 916 1412 916 1379 933 1346 949 1287 928 1203 938 1201 938 1199 938 1135 947 1098 929 1087 924 1086 924 1084 924 1031 927 1010 929 1007 927 986 918 985 918 898 918 897 918 895 918 878 925 871 929 860 925 832 918 831 918 829 918 827 918 809 925 799 929 788 925 766 918 765 918 763 918 761 918 746 925 701 920 638 924 623 918 621 918 552 918 550 918 548 918 539 922 491 946 443 922 436 918 434 918 432 918 431 918 425 920 399 933 352 920 343 918 341 918 339 918 277 918 278 1006"/></Shape>
	    <String CONTENT="1926, décédé le 22 juin 2002 est un footballeur"
                    HPOS="277"
                    VPOS="914"
                    WIDTH="2159"
                    HEIGHT="131"></String>
          </TextLine>
          <TextLine ID="eSc_line_1ef42241"
                    TAGREFS="LT236"
                    BASELINE="284 1118 776 1109" 
                    HPOS="282"
                    VPOS="1031"
                    WIDTH="494"
                    HEIGHT="166">
            <Shape><Polygon POINTS="288 1155 312 1172 343 1197 356 1169 361 1155 363 1155 445 1153 447 1153 456 1149 487 1133 774 1136 776 1109 772 1076 698 1043 658 1063 656 1063 654 1063 654 1065 640 1078 603 1059 601 1059 599 1059 598 1059 596 1059 596 1061 583 1074 506 1076 399 1059 398 1059 396 1059 354 1076 330 1031 322 1061 321 1061 319 1061 282 1081 284 1118"/></Shape>
	    <String CONTENT="japonais."
                    HPOS="282"
                    VPOS="1031"
                    WIDTH="494"
                    HEIGHT="166"></String>
          </TextLine>
          <TextLine ID="eSc_line_722fa9ea"
                    TAGREFS="LT236"
                    BASELINE="280 1226 2003 1226 2423 1217" 
                    HPOS="280"
                    VPOS="1123"
                    WIDTH="2143"
                    HEIGHT="178">
            <Shape><Polygon POINTS="414 1244 653 1255 654 1255 713 1248 739 1261 757 1270 753 1270 833 1296 900 1272 900 1270 902 1270 924 1259 946 1270 948 1270 950 1270 952 1270 975 1259 997 1248 1148 1248 1161 1255 1190 1270 1192 1270 1268 1301 1346 1272 1346 1270 1348 1270 1383 1254 1390 1250 1630 1250 1632 1250 1678 1265 1680 1265 1682 1265 1684 1265 1715 1250 2238 1255 2239 1255 2421 1239 2423 1217 2421 1167 2348 1140 2346 1140 2344 1140 2342 1140 2267 1167 2250 1157 2249 1167 2194 1140 2192 1140 2159 1140 2157 1140 2155 1140 2100 1167 2093 1173 2003 1173 1997 1167 1940 1140 1939 1140 1871 1140 1869 1140 1867 1140 1818 1164 1790 1153 1788 1153 1786 1153 1785 1153 1755 1169 1746 1175 1634 1175 1574 1171 1574 1169 1504 1142 1502 1142 1500 1142 1498 1142 1465 1158 1443 1149 1441 1149 1440 1149 1438 1149 1390 1171 1383 1175 1275 1175 1269 1171 1240 1156 1238 1156 1236 1156 1192 1162 1146 1142 1144 1142 1084 1142 1082 1142 1080 1142 1021 1171 968 1145 966 1145 964 1145 963 1145 911 1171 908 1175 842 1175 840 1173 779 1142 777 1142 656 1142 654 1142 653 1142 632 1151 552 1142 550 1142 548 1142 508 1162 489 1155 487 1155 486 1155 470 1147 432 1171 422 1167 417 1159 419 1136 412 1123 306 1134 280 1175 280 1226 280 1266"/></Shape>
	    <String CONTENT="Robert Naeye (né le 22 juillet 1917 à Woluwe-Saint-"
                    HPOS="280"
                    VPOS="1123"
                    WIDTH="2143"
                    HEIGHT="178"></String>
          </TextLine>
          <TextLine ID="eSc_line_abe9963b"
                    TAGREFS="LT236"
                    BASELINE="293 1345 860 1336 1742 1345 2452 1338" 
                    HPOS="285"
                    VPOS="1231"
                    WIDTH="2167"
                    HEIGHT="149">
            <Shape><Polygon POINTS="293 1364 315 1375 317 1375 319 1375 376 1362 390 1360 680 1360 689 1364 717 1378 719 1378 720 1378 722 1378 755 1364 768 1360 864 1360 876 1365 904 1378 906 1378 908 1380 970 1380 970 1378 972 1378 999 1365 1008 1362 1097 1362 1108 1367 1124 1375 1126 1375 1128 1375 1130 1375 1153 1367 1163 1364 1170 1367 1188 1376 1190 1376 1192 1376 1286 1367 1348 1362 1504 1362 1520 1369 1550 1378 1552 1378 1553 1378 1917 1371 2346 1362 2370 1373 2377 1376 2379 1376 2381 1376 2452 1373 2452 1338 2449 1265 2366 1259 2364 1259 2362 1259 2351 1265 2337 1272 2298 1265 2265 1259 2263 1259 2261 1259 2249 1265 2199 1292 2122 1292 2074 1266 2060 1259 2058 1259 2056 1259 2054 1259 2032 1266 2021 1270 2014 1266 1997 1259 1995 1259 1924 1259 1922 1259 1920 1259 1904 1268 1858 1290 1729 1274 1728 1274 1625 1290 1585 1270 1566 1261 1564 1261 1528 1261 1526 1261 1524 1261 1504 1270 1462 1294 1197 1294 1159 1274 1133 1261 1131 1261 1130 1261 1128 1261 1091 1274 1075 1279 1064 1274 1038 1261 1036 1261 1034 1261 975 1270 898 1261 897 1261 895 1261 867 1276 832 1294 790 1294 757 1276 728 1261 726 1261 654 1261 653 1261 651 1261 618 1277 587 1294 432 1279 420 1284 422 1274 423 1283 419 1278 411 1281 421 1274 428 1256 427 1234 300 1231 285 1240 290 1260 290 1269 291 1276 293 1345"/></Shape>
	    <String CONTENT="Pierre et mort le 9 novembre 1998 à Schaerbeek)"
                    HPOS="285"
                    VPOS="1231"
                    WIDTH="2167"
                    HEIGHT="149"></String>
          </TextLine>
          <TextLine ID="eSc_line_6168553d"
                    TAGREFS="LT236"
                    BASELINE="280 1463 1153 1450 1647 1459 2351 1452" 
                    HPOS="278"
                    VPOS="1348"
                    WIDTH="2073"
                    HEIGHT="176">
            <Shape><Polygon POINTS="282 1494 313 1481 401 1481 427 1492 431 1494 432 1494 434 1494 436 1494 440 1492 464 1479 543 1479 566 1490 596 1505 598 1505 599 1505 601 1505 631 1490 653 1477 744 1477 920 1477 939 1485 972 1503 974 1503 975 1503 977 1503 979 1503 997 1492 1088 1524 1144 1501 1146 1501 1183 1483 1194 1477 1203 1483 1238 1499 1240 1499 1241 1501 1315 1501 1315 1499 1317 1499 1375 1479 1377 1479 1381 1479 1432 1499 1434 1499 1436 1499 1535 1497 1537 1497 1574 1481 1623 1481 1669 1497 1671 1497 1673 1497 1674 1497 1715 1479 1762 1496 1764 1496 1766 1496 1768 1496 1818 1479 1907 1479 2140 1479 2177 1492 2179 1492 2181 1492 2183 1492 2205 1481 2313 1481 2315 1481 2317 1481 2351 1466 2351 1452 2350 1409 2267 1375 2265 1375 2263 1375 2261 1375 2199 1406 2139 1375 2137 1375 2135 1375 2133 1375 2065 1411 1938 1384 1781 1382 1779 1382 1777 1382 1775 1382 1729 1406 1747 1358 1698 1348 1663 1352 1623 1355 1588 1413 1513 1375 1511 1375 1456 1375 1454 1375 1452 1375 1451 1375 1430 1387 1407 1376 1405 1376 1403 1376 1135 1378 1133 1378 1073 1409 1031 1404 1029 1404 1027 1404 968 1419 966 1419 963 1419 849 1408 847 1408 801 1417 706 1384 704 1384 702 1384 700 1384 621 1422 544 1422 462 1384 460 1384 363 1384 361 1384 359 1384 278 1420 280 1463"/></Shape>
	    <String CONTENT="est un coureur cycliste belge. Professionnel de"
                    HPOS="278"
                    VPOS="1348"
                    WIDTH="2073"
                    HEIGHT="176"></String>
          </TextLine>
          <TextLine ID="eSc_line_13efe84f"
                    TAGREFS="LT236"
                    BASELINE="278 1576 691 1569 2439 1569" 
                    HPOS="277"
                    VPOS="1478"
                    WIDTH="2162"
                    HEIGHT="137">
            <Shape><Polygon POINTS="280 1607 348 1587 601 1587 621 1596 623 1596 625 1596 627 1596 647 1587 697 1589 726 1604 748 1613 750 1613 752 1615 805 1615 805 1613 807 1613 832 1602 860 1591 886 1602 913 1613 915 1613 917 1613 919 1613 953 1600 955 1600 957 1600 985 1613 986 1613 988 1615 1047 1615 1047 1613 1049 1613 1076 1600 1093 1591 1473 1593 1474 1595 1511 1613 1513 1613 1515 1613 1517 1613 1574 1595 1623 1613 1625 1613 1627 1615 1788 1615 1788 1613 1790 1613 1821 1598 1895 1613 1896 1613 1898 1613 1951 1593 2096 1593 2172 1609 2173 1609 2175 1609 2205 1595 2438 1584 2439 1569 2436 1525 2208 1492 2186 1521 2120 1490 2118 1490 2060 1490 2058 1490 2056 1490 2005 1516 1953 1490 1951 1490 1950 1490 1884 1505 1827 1490 1825 1490 1823 1490 1821 1490 1766 1516 1744 1527 1623 1527 1597 1512 1553 1490 1552 1490 1550 1490 1548 1490 1493 1512 1456 1527 1309 1527 1276 1508 1240 1490 1238 1490 1236 1490 1161 1507 1078 1527 1040 1527 999 1505 970 1490 968 1490 909 1478 854 1490 853 1490 825 1503 805 1512 785 1501 776 1497 774 1497 772 1497 735 1501 711 1503 706 1501 686 1490 684 1490 629 1490 627 1490 625 1490 607 1499 566 1519 526 1505 524 1505 522 1505 521 1505 487 1484 429 1501 427 1501 425 1501 423 1501 405 1508 377 1496 376 1496 374 1496 277 1496 278 1576"/></Shape>
	    <String CONTENT="1936 à 1951, il a notamment remporté les Six Jours"
                    HPOS="277"
                    VPOS="1478"
                    WIDTH="2162"
                    HEIGHT="137"></String>
          </TextLine>
          <TextLine ID="eSc_line_7ce43279"
                    TAGREFS="LT236"
                    BASELINE="273 1690 691 1679 2410 1681" 
                    HPOS="271"
                    VPOS="1581"
                    WIDTH="2139"
                    HEIGHT="186">
            <Shape><Polygon POINTS="273 1717 341 1703 385 1716 387 1716 388 1716 390 1716 421 1701 832 1701 853 1712 854 1712 856 1712 858 1712 884 1703 1762 1703 1794 1703 1847 1703 1871 1716 1972 1722 2005 1767 2058 1703 2095 1716 2096 1716 2146 1737 2322 1717 2322 1716 2408 1695 2410 1681 2408 1635 2315 1598 2313 1598 2170 1598 2168 1598 2166 1598 2144 1609 2122 1598 2120 1598 2118 1598 2117 1598 2080 1609 2014 1598 2012 1598 2010 1598 1937 1637 1882 1637 1801 1598 1799 1598 1797 1598 1796 1598 1722 1637 1686 1604 1638 1615 1636 1615 1634 1615 1632 1615 1590 1637 1372 1637 1295 1598 1293 1598 1183 1598 1181 1598 1179 1598 1131 1622 1064 1598 1062 1598 1060 1598 1058 1598 985 1637 930 1637 853 1598 851 1598 849 1598 776 1613 709 1598 708 1598 706 1598 629 1637 506 1637 494 1602 492 1587 474 1581 464 1581 392 1591 339 1600 337 1600 335 1600 333 1600 271 1633 273 1690"/></Shape>
	    <String CONTENT="de Paris et Munich. Devenu directeur sportif, il a"
                    HPOS="271"
                    VPOS="1581"
                    WIDTH="2139"
                    HEIGHT="186"></String>
          </TextLine>
          <TextLine ID="eSc_line_ac745a4d"
                    TAGREFS="LT236"
                    BASELINE="271 1802 526 1794 2373 1796" 
                    HPOS="271"
                    VPOS="1712"
                    WIDTH="2102"
                    HEIGHT="163">
            <Shape><Polygon POINTS="273 1844 374 1815 418 1815 473 1842 478 1844 480 1844 527 1857 570 1846 570 1844 572 1844 583 1840 651 1815 726 1824 728 1824 781 1813 1166 1815 1196 1831 1221 1844 1223 1844 1225 1844 1227 1844 1258 1829 1289 1816 1418 1816 1440 1827 1471 1844 1473 1844 1474 1844 1476 1844 1526 1826 1555 1816 1711 1816 1726 1824 1766 1844 1768 1844 1770 1846 1854 1846 1854 1844 1856 1844 1900 1820 1906 1818 1913 1820 1975 1840 1977 1840 1979 1840 1981 1840 2016 1831 2043 1844 2045 1844 2095 1875 2267 1846 2267 1844 2269 1844 2337 1815 2372 1815 2373 1796 2372 1754 2318 1754 2318 1752 2280 1734 2278 1734 2276 1734 2274 1734 2236 1752 2238 1731 2079 1731 1921 1740 1854 1712 1852 1712 1851 1712 1849 1712 1807 1725 1777 1712 1775 1712 1773 1712 1772 1712 1731 1732 1652 1719 1651 1719 1649 1719 1585 1752 1418 1714 1416 1714 1414 1714 1348 1732 1293 1712 1291 1712 1289 1712 1287 1712 1243 1734 1199 1712 1197 1712 1001 1712 999 1712 997 1712 964 1728 930 1714 928 1714 926 1714 924 1714 829 1752 750 1712 748 1712 664 1712 662 1712 660 1712 616 1722 494 1725 432 1752 433 1729 346 1712 344 1712 343 1712 341 1712 271 1749 271 1802"/></Shape>
	    <String CONTENT="dirigé l&#x27;équipe Solo de 1961 à 1964 puis l&#x27;équipe"
                    HPOS="271"
                    VPOS="1712"
                    WIDTH="2102"
                    HEIGHT="163"></String>
          </TextLine>
          <TextLine ID="eSc_line_4376919a"
                    TAGREFS="LT236"
                    BASELINE="264 1917 790 1903 1357 1910" 
                    HPOS="258"
                    VPOS="1803"
                    WIDTH="1098"
                    HEIGHT="170">
            <Shape><Polygon POINTS="261 1936 280 1952 294 1952 319 1936 341 1952 354 1952 387 1930 420 1952 470 1973 517 1955 517 1952 522 1952 522 1949 544 1933 607 1933 627 1949 627 1952 638 1952 704 1930 973 1930 973 1933 990 1949 1001 1949 1056 1933 1350 1933 1356 1908 1353 1853 1306 1853 1287 1831 1218 1837 1199 1820 1147 1823 1147 1826 1119 1850 1119 1853 1045 1856 1017 1856 1015 1850 982 1823 982 1820 968 1820 954 1834 943 1826 943 1823 932 1823 907 1834 695 1820 695 1823 671 1845 613 1823 602 1823 558 1856 506 1859 390 1859 376 1842 365 1842 330 1803 286 1823 272 1823 272 1826 258 1837 261 1916"/></Shape>
	    <String CONTENT="Peugeot de 1966 à 1980."
                    HPOS="258"
                    VPOS="1803"
                    WIDTH="1098"
                    HEIGHT="170"></String>
          </TextLine>
          <TextLine ID="eSc_line_a17994d9"
                    TAGREFS="LT236"
                    BASELINE="289 2038 521 2020 1396 2016 2140 2024" 
                    HPOS="288"
                    VPOS="1941"
                    WIDTH="1852"
                    HEIGHT="106">
            <Shape><Polygon POINTS="289 2038 289 2047 2139 2046 2140 2024 2139 1980 2027 1980 2023 1978 1964 1941 1962 1941 1961 1941 1959 1941 1957 1941 1880 1974 1873 1980 1733 1980 1722 1972 1671 1941 1669 1941 1667 1941 1665 1941 1663 1941 1607 1970 1592 1980 1546 1980 1528 1970 1480 1943 1478 1943 1370 1943 1368 1943 1366 1943 1364 1943 1326 1967 1304 1980 1243 1972 1232 1965 1196 1943 1194 1943 1192 1943 1139 1943 1137 1943 1135 1943 1091 1963 1056 1981 941 1981 902 1961 869 1943 867 1943 796 1943 794 1943 792 1943 790 1943 766 1958 742 1972 680 1963 671 1958 649 1943 647 1943 645 1943 519 1943 517 1943 515 1943 513 1943 495 1954 458 1976 436 1963 434 1963 432 1963 431 1963 399 1974 288 1952 289 2038"/></Shape>
	    <String CONTENT="We Were Here est un film documentaire"
                    HPOS="288"
                    VPOS="1941"
                    WIDTH="1852"
                    HEIGHT="106"></String>
          </TextLine>
          <TextLine ID="eSc_line_1b448934"
                    TAGREFS="LT236"
                    BASELINE="282 2141 1673 2132 2324 2145" 
                    HPOS="280"
                    VPOS="2033"
                    WIDTH="2044"
                    HEIGHT="187">
            <Shape><Polygon POINTS="282 2176 354 2176 354 2174 355 2174 398 2154 454 2174 456 2174 458 2174 460 2174 467 2174 522 2165 548 2172 552 2174 554 2174 555 2174 557 2174 561 2172 598 2154 821 2154 851 2170 858 2174 860 2174 862 2174 864 2174 876 2170 922 2156 1027 2154 1266 2153 1253 2220 1285 2220 1309 2167 1315 2167 1480 2156 1711 2165 1840 2168 1841 2168 1983 2163 2019 2161 2021 2161 2045 2172 2047 2172 2049 2172 2164 2163 2298 2170 2300 2170 2302 2170 2324 2159 2324 2145 2322 2090 2263 2073 2261 2073 2260 2073 2258 2073 2256 2073 2227 2091 2223 2093 2153 2093 2151 2091 2124 2077 2122 2077 2120 2077 2118 2077 2089 2091 2089 2093 2025 2093 2023 2091 1957 2057 1955 2057 1953 2057 1884 2071 1851 2057 1849 2057 1847 2057 1845 2057 1801 2079 1762 2058 1761 2058 1759 2058 1757 2058 1740 2066 1722 2057 1720 2057 1718 2057 1623 2064 1535 2033 1449 2057 1447 2057 1394 2084 1297 2057 1295 2057 1293 2057 1291 2057 1248 2064 1232 2057 1194 2095 1192 2093 1126 2058 1124 2058 1049 2058 1047 2058 1045 2058 999 2082 926 2077 924 2077 922 2077 889 2093 781 2064 623 2057 607 2080 605 2080 563 2049 517 2080 515 2080 513 2080 511 2080 462 2093 418 2091 359 2064 357 2064 355 2064 354 2064 280 2093 282 2141"/></Shape>
	    <String CONTENT="américain réalisé par Bill Weber (en)"
                    HPOS="280"
                    VPOS="2033"
                    WIDTH="2044"
                    HEIGHT="187"></String>
          </TextLine>
          <TextLine ID="eSc_line_76a9b786"
                    TAGREFS="LT236"
                    BASELINE="291 2258 2375 2249" 
                    HPOS="286"
                    VPOS="2156"
                    WIDTH="2087"
                    HEIGHT="191">
            <Shape><Polygon POINTS="291 2285 330 2268 1199 2285 1229 2274 1323 2301 1331 2301 1430 2277 1463 2299 1474 2299 1532 2277 1774 2277 1832 2299 1843 2299 1876 2274 1950 2274 1977 2296 2082 2347 2164 2299 2164 2296 2170 2296 2192 2279 2338 2285 2373 2260 2373 2246 2368 2194 2199 2180 2134 2167 2120 2167 2093 2186 1975 2172 1950 2189 1898 2156 1884 2156 1856 2180 1760 2158 1700 2191 1592 2158 1581 2158 1540 2194 1490 2161 1477 2161 1438 2194 1361 2172 1350 2172 1323 2197 1281 2178 1273 2178 1235 2200 1059 2200 982 2161 827 2161 720 2164 688 2170 594 2164 495 2164 453 2194 415 2164 338 2164 286 2197 288 2257"/></Shape>
	    <String CONTENT="et David Weissman (en) et sorti le 25 février"
                    HPOS="286"
                    VPOS="2156"
                    WIDTH="2087"
                    HEIGHT="191"></String>
          </TextLine>
          <TextLine ID="eSc_line_9491ec18"
                    TAGREFS="LT236"
                    BASELINE="291 2363 601 2363" 
                    HPOS="291"
                    VPOS="2275"
                    WIDTH="310"
                    HEIGHT="115">
            <Shape><Polygon POINTS="291 2363 291 2383 297 2388 297 2390 299 2390 300 2390 302 2390 601 2381 601 2363 601 2311 563 2311 543 2291 543 2289 541 2289 539 2289 506 2289 504 2289 502 2289 500 2289 500 2291 482 2306 456 2284 454 2284 453 2284 451 2284 403 2291 385 2277 385 2275 383 2275 381 2275 335 2275 333 2275 332 2275 330 2275 291 2306 291 2363"/></Shape>
	    <String CONTENT="2011."
                    HPOS="291"
                    VPOS="2275"
                    WIDTH="310"
                    HEIGHT="115"></String>
          </TextLine>
        </TextBlock>
      </PrintSpace>
    </Page>
  </Layout>
</alto>
