2550 3300
1726 243 774 109 imp_wikitexte_009

300 458 2029 128 Oleg Taktarov, né Oleg Nikolaevitch Taktarov (_ _ _)

291 586 2075 92 le 26 août 1967 à Sarov, est un sportif de combat

284 694 2126 107 et acteur russe. Ancien pratiquant de Sambo et de Judo,

284 815 2089 103 et qui a participé au début du combat libre dans les

277 918 2023 121 organisations du Pride FC et de l'Ultimate Fighting

267 1037 907 99 Championship (UFC).

269 1155 2059 100 Il connaît une seconde carrière au cinéma, ou il joue

266 1270 1873 97 dans les films : 15 minutes, Rollerball, Bad Boys 2,

297 1382 2020 99 Benjamin Gates et le Trésor des Templiers, La nuit

277 1492 1968 128 nous appartient, La Loi et l'Ordre et Predators.

280 1597 2069 102 A la television, il a fait des apparitions dans les séries :

297 1717 1486 99 JAG, Alias et NCIS : Enquêtes spéciales.

275 1844 2080 93 Mecysmauchenius victoria est une espèce d'araignées

275 1952 2023 105 aranéomorphes de la famille des Mecysmaucheniidae.

300 2057 1996 97 Les Amoureux de Noël (Christmas in Boston) est un

300 2165 1938 99 téléfilm américain réalisé par Neill Fearnley et

288 2280 1753 118 diffusé le 14 décembre 2005 sur ABC Family.

284 2401 1966 103 Maximilien Farez,  né le 10 Février 1769 à Villers-

300 2506 2035 102 Plouich (Généralité de Valenciennes) et décédé le 20

286 2615 2041 148 juin 1841 à Douai (Nord), est un homme politique

297 2750 365 99 français.
