2550 3300
286 449 1897 115 Wilson Pickett est un chanteur et compositeur

275 552 1914 134 américain de soul et de rhythm and blues né

288 658 1968 99 le 18 mars 1941 à Prattville (Alabama) et mort

299 757 1923 150 le 19 janvier 2006 d'une crise cardiaque, à

306 885 1919 146 Reston (Virginie). Il fut dans les années 1960

315 991 1956 140 un pionnier de la musique soul, célèbre

288 1092 2086 126 pour ses interprétations de In the Midnight

306 1214 2030 163 Hour, Mustang Sally, Funky Broadway et

247 1354 1125 136 Land of 1000 Dances.

311 1512 1846 157 À ses débuts membre>s< du groupe The

321 1659 1887 128 Falcons, il s'est fait connaître par sa

322 1769 1939 134 carrière en solo, mais en travaillant souvent

321 1914 1715 111 en collaboration avec d'autres artistes.

280 2026 2118 146 L'Association sportive féminine de Sfax (arabe : - - - -)

304 2157 2000 131 ou ASF Sfax est un club tunisien de handball

278 2272 1457 129 fondé en 1978 et basé à Sfax.

267 2436 2070 128 Bartolomeu de Vasconcelos da Cunha était un

269 2541 1818 170 administrateur colonial portugais qui fut

272 2637 2066 151 gouverneur de l'Angola de 1653 à octobre 1654

283 2766 2126 182 à titre intérimaire. Rodrigo de Miranda Henriques

266 2896 1997 110 le précéda et Luís Martins de Sousa Chichorro

278 3025 531 148 lui succéda.
