2550 3300
1746 11 660 78 imp_wikitexte_0110

266 255 1832 77 Miss Monde (Miss World) est un concours de beauté

258 374 2062 75 international qui élit chaque année une jeune femme Miss Monde.

258 480 2084 81 Il a été créé en 1951 au Royaume-Uni par Eric Morley. Depuis

256 599 2024 73 sa mort en 2000, sa veuve, Julia Morley,est présidente du

260 713 2157 77 comité Miss Monde. Ce concours fait partie, avec Miss Univers,

260 825 2079 77 Miss Terre et Miss International, des 4 plus grands concours

260 933 2145 84 de beauté internationaux. L'actuelle détentrice du titre est

273 1050 2053 79 Krystyna Pyszková, Miss Tchéquie, élue le 9 mars 2024 à

269 1164 2060 77 Mumbai (Inde), qui a succédé à Karolina Bielawska, Miss

258 1274 2170 88 Pologne. Volker Eckert (né le 1er juillet 1959 à Oelsnitz/Vogtl.

262 1387 2176 94 (Saxe, Allemagne de l'Est) et mort le 2 juillet 2007 à Bayreuth

269 1508 2073 77 (Bavière, Allemagne)) est un tueur en série est-allemand

266 1620 557 77 puis allemand.

267 1730 2051 81 Routier de profession, il a avoué le meurtre de six femmes

267 1846 2048 82 dont cinq prostituées. Il a été soupçonné de dix-neuf

267 1958 1864 80 meurtres en France, en Espagne, en Pologne, en

264 2075 1733 77 Tchéquie et en Allemagne entre 1974 et 2006
