2550 3300
319 231 1016 127 imp_wikitexte_0123

291 353 2163 112 David Leslie est un pilote britannique (écossais)

311 463 2191 101 né le 9 novembre à Annan et mort le 30 mars 2008

300 579 521 135 à Bromley.

321 680 2111 131 Il participa notamment au BTCC entre 1987 et 2003.

300 806 2081 110 Il remporta neuf courses (la première en 1993 à

293 920 2013 117 Thruxton, au volant d'une Vauxhall Cavalier)

289 1026 2134 142 durant ces 16 années de compétition. Il ne remporta

293 1144 2128 154 jamais le championnat mais termina vice-champion

277 1264 1915 110 derrière le Français Laurent Aïello en 1999.

277 1371 2027 108 Le 30 mars 2008, il se rendait en France avec

278 1494 2053 132 Richard Lloyd et l'ingénieur Chris Allarton, au

282 1600 2141 138 Circuit Nogaro, pour Lloyd's Apex Motorsport, en

277 1724 2087 116 préparation du championnat FIA GT 2008 ; mais

273 1832 1866 96 leur avion s'écrase dans un lotissement de

291 1939 2071 139 Farnborough, tuant tous les passagers. L'enquête

304 2066 1945 120 a montré que l'arrêt des deux moteurs en vol

291 2174 1965 119 résultait de plusieurs défauts mécaniques

308 2281 1891 109 incorrectement diagnostiqués avant l'envol.

289 2390 2026 153 Stanislas de Barbeyrac est un ténor d'opéra

297 2505 1770 113 français né en Haute Savoie en 1984.
