2550 3300
1324 237 864 98 imp_wikitexte_0117

294 456 1989 110 Iouri Vladimirovitch Kovaliov (en russe : - - -)

280 581 2202 95 ou Ioury Ouladzimiravitch Kavaliow (en biélorusse :

280 682 2170 110 - - -) est un footballeur international biélorusse

280 800 1983 104 né le 27 janvier 1993>.< à Bialynitchy. Il

278 923 2053 98 évolue au poste de milieu de terrain au FK

277 1028 1967 121 Orenbourg. Akwid est un groupe de hip-hop

280 1145 2198 114 mexicain, originaire de Michoacan. Une première

280 1272 2053 93 incarnation du groupe est connue sous le

275 1373 2161 110 bom de Juvenile Style. Les rappeurs Francisco

286 1485 2052 115 « AK » Gómez, et Sergio « Wikid » Gómez, qui

280 1584 2051 113 ont formé Akwid, sont des frères originaires

284 1699 2066 128 de Jiquilpan, Michoacán, qui résideront plus

277 1826 1970 101 tard à Los Angeles, en Californie. Avant de

286 1943 2102 104 devenir Akwid, AK et Wikid faisaient partie

282 2057 2009 106 d'un ancien groupe appelé Head Knockerz

278 2170 2035 96 avec d'autres membres comme Sabu et

313 2257 545 121 John John.

302 2389 2038 102 Les Blues de Saint-Louis sont une équipe

283 2505 2123 110 professionnelle de la Ligue nationale de hockey

289 2623 1972 95 située à Saint-Louis dans le Missouri aux

284 2726 528 99 États-Unis.

284 2845 2031 106 Louis Alix de Nompère de Champagny, né le

280 2956 1854 115 12 juin 1796 à Saint-Vincent-de-Boisset

2041 3131 272 108 1 de 2
