2550 3300
1685 258 800 79 imp_wikitexte_0100

302 464 1928 97 Robert Jan Westdijk, né le 2 novembre 1964 à

310 579 2173 99 Utrecht, est un réalisateur et scénariste néerlandais.

295 810 2154 115 Adama Diakhaby, né le 5 juillet 1996 à Ajaccio,

291 922 1931 129 est un footballeur français. Il évolue au

308 1050 1541 95 poste d'attaquant à Qaraba- FK.

289 1263 2092 136 La première saison de Mystère Zack a été diffusée

308 1383 1928 91 entre le 17 septembre 2000 et le 2 avril 2001.

299 1604 2157 104 Henri de Gand (c. 1217 dans la région de Mude, près

291 1723 2055 104 de Gand en Belgique - 29 juin ou le 8 septembre

332 1820 1901 121 1293 à Tournai (Belgique) ou Paris (France) fut

293 1954 2036 90 chanoine puis archidiacre de Tournai. Il fut

313 2062 1945 102 un philosophe scolastique, connu comme le

297 2176 789 86 Doctor Solennis.

293 2263 2038 125 David Cirici i Alomar, né le 11 février 1954 à

299 2383 2034 125 Barcelone (Espagne), est un écrivain espagnol

291 2524 984 75 d'expression catalane.

291 2623 2103 110 Le Passetto di Borgo, ou simplement Passetto, (en français :

316 2739 2060 118 petit passage) est un passage fortifié et surélevé qui

343 2846 1986 102 relie la place Saint-Pierre de la cité du Vatican

332 2956 1480 110 au château Saint-Ange, à Rome.
