2550 3300
1641 51 853 93 imp_wikitexte_0180

350 359 2108 103 Le Futbal Klubu Karabalta (en kirghize : - - -), plus couramment

333 489 564 72 abrégé en FK

349 588 2071 88 Karabalta, est un club kirghiz de football fondé en 1992

350 713 2003 111 et basé dans la ville de Karabalta, dans le nord du pays.

361 812 1904 97 Leontine Theresa Cohen dite Lona, alias Helen Kroger,

357 940 952 80 née Petke le 11 janvier 1913

363 1047 2056 86 à Adams (Massachusetts) et décédée le 23 décembre 1992

376 1173 1912 81 à Moscou, est une espionne américaine qui travaillait

371 1270 1873 94 pour le compte de l'Union soviétique. Elle était l'épouse

363 1386 1744 90 de Morris Cohen, recruteur de Julius Rosenberg.

374 1491 2101 98 Pavane pour un homme épuisé (-, Nihon no seishun, litt.

335 1617 988 99 « La Jeunesse du Japon »)
