2550 3300
1511 247 846 89 imp_wikitexte_0082

328 346 2146 103 Robert Chambers, né le 10 juillet 1802 à Peebles

313 440 2211 119 en Écosse et mort le 17 mars 1871 à St Andrews,

321 566 2206 106 est un naturaliste, éditeur et écrivain écossais.

284 671 2227 115 Libraire à succès à Édimbourg, il écrivit de

284 804 2247 99 nombreux livres sur l'histoire et le folklore

273 899 2205 120 de l'Écosse. Avec son frère William, il était

275 1028 2164 101 aussi éditeur d'ouvrages d'éducation >po<

288 1147 2146 103 populaire. Il se rendit célèbre pour trois

278 1263 2039 93 œuvres majeures : sa Cyclopaedia of

272 1358 2217 131 English Literature en trois tomes (1840-1843),

280 1479 2212 105 ses Vestiges of the Natural History of Creation

269 1589 2187 116 qu'il publia anonymement en 1844 car il y

289 1716 2013 102 proposait une théorie de l'évolution et

258 1826 1864 100 enfin en 1864 son Book of Days (en) ..

289 1941 1892 97 Prosenikovo (en macédonien -) est un

269 2047 2203 103 village du sud-est de la Macédoine du Nord,

278 2165 2167 97 situé dans la municipalité de Stroumitsa.

317 2277 2157 99 Le village comptait 1550 habitants en 2002.

288 2377 1950 125 Petter Hugstedt, né le 11 juillet 1921 à

300 2497 2161 117 Kongsberg et décédé le 19 mai 2000 dans

289 2603 2156 126 la même localité, est un sauteur à ski

293 2729 554 105 norvégien.
