2550 3300
282 256 2079 103 Red Sonja est un film américain réalisé par M. J. Bassett

286 372 2073 88 et dont la sortie est prévue en 2024. Il met en scène le personnage

288 482 2038 117 de Red Sonja, créé par Roy Thomas et Barry Windsor-

288 599 2027 79 Smith, inspiré par les nouvelles de Robert E. Howard

284 716 2042 74 et édité en comics par Marvel et Dynamite Entertainment.

316 814 1923 93 Lehesta Kemp, née le 17 juin à Hartswater, est une

275 934 1997 122 nageuse sud-africaine. Ulrik Fredriksen, né le 17 juin

291 1033 2129 113 1999 à Bergen en Norvège, est un >fondateu< footballeur

297 1171 1865 90 norvégien, qui évolue au poste de défenseur

280 1262 1981 107 central au FK Haugesund. Michael O’Loughlin,

293 1384 1943 88 né le 14 février 1997 à Carrick-on-Suir, est un

288 1507 1931 86 coureur cycliste irlandais. (7805) Moons est

299 1623 1805 76 un astéroïde de la ceinture principale.

305 1710 1958 107 Tommaso d'Ocre, dans les Abruzzes, Italie, et

288 1842 1841 84 >< mort le 29 mai 1300 à Naples) est un

284 1954 1961 84 cardinal italien du >XV< XIIIe siècle. Il est membre

284 2075 1101 79 de l'ordre des Célestins.

1224 2392 1045 110 imp_wikitexte_0157
