2550 3300
341 240 1328 80 Nom de référence: imp_wikitexte_0210

420 332 2072 105 Paul Drew Clement, né le 24 juin 1966 à Cedarburg (Wisconsin),

333 462 1963 102 est un homme politique, juriste et avocat américain.

322 565 2024 102 Membre du  Parti républicain, il est avocat général des

319 684 1997 102 États-Unis entre 2005 et 2008 et procureur général par

297 792 1920 102 intérim en 2007 dans l'administration du président

313 921 553 85 George W. Bush.

293 1026 1886 121 L’Issoire est une rivière française de la Loire-

288 1131 2056 121 Atlantique et de la Vendée, affluent de la Boulogne.

293 1253 1875 96 Brian Paldan Jensen (né le 8 juin 1975 à N-rrebro,

330 1361 1914 107 Danemark) est un footballeur danois,  ayant réalisé

311 1477 2004 97 l’essentiel de sa carrière avec le club de Burnley et

293 1589 2042 140 évoluant actuellement au poste de gardien de but au

295 1714 378 84 Crusaders.

311 1819 1866 95 Brian Jensen n'a jamais été sélectionné pour

299 1922 1920 121 jouer avec la sélection danoise. Il est souvent

321 2043 1703 102 surnommé « The beast » (en anglais : « la bête »)

308 2150 1931 121 Saint-Jean-de-Luz (prononcé : /s- - d- lyz/ ; en basque :

319 2274 1958 99 Donibane Lohizune) est une commune française située

289 2377 2018 118 dans le département des Pyrénées-Atlantiques, en région

297 2498 728 105 Nouvelle-Aquitaine.

321 2612 1698 117 Le gentilé est Luzien (ou Donibandar en basque)
