2550 3300
288 260 1342 90 Nom de référence : imp_wikitexte_0108

363 481 1933 96 Alex Balfanz (né le 5 mai 1999) est un développeur de jeux

286 605 2109 92 vidéo américain, surtout connu comme co-créateur du jeu Roblox

286 704 332 101 Jailbreak.

374 819 2021 96 Eaten Back To Life est le premier album de Cannibal Corpse,

282 942 1255 88 un groupe de brutal death metal.

388 1048 1941 103 Victoire de Cordoue (- 313) sainte et martyre à Cordoue, en

284 1171 2102 92 Andalousie, avec saint Acisle, son frère, probablement sous

291 1277 2139 98 Dioclétien en 313. Fête le 17 novembre pour l'Église catholique.

412 1383 1939 99 Charles Bell (12 novembre 1774 - 28 avril 1842) est un

280 1512 2126 95 anatomiste, chirurgien et physiologiste écossais né en novembre

284 1626 2214 86 1774 à Doun en Monteath, Édimbourg et mort le 28 avril 1842

280 1729 1106 91 à North Hallow, Worcestershire.

448 1842 1975 105 Akebi's Sailor Uniform (-, Akebi-chan no S-r-fuku) est

277 1963 2113 94 une série de manga par Hiro. Elle est prépubliée sur le site

291 2068 1992 96 Tonari no Young Jump de Shueisha août 2016 et douze

305 2186 2206 88 volumes tank-bon sont parus au 19 octobre 2023. Une adaptation

291 2296 2124 99 en série d'animation produite par CloverWorks est diffusée

299 2417 1340 85 entre le 8 janvier et le 27 mars 2022.
