2550 3300
1840 75 642 86 imp_wikitexte_0234

260 323 2189 153 L'hôtel des archives départementales de la Gironde est

144 416 2284 154 un bâtiment appartenant au Conseil départemental

168 522 2185 156 de la Gironde, situé à Bordeaux, en France. Il est

192 641 1688 158 inscrit à l'inventaire supplémentaire des

192 781 1482 117 monuments historiques depuis 1998.

192 863 2289 189 Machete ou Macheté au Québec et au Nouveau-Brunswick

194 1010 2251 168 est un film américain réalisé par Robert Rodriguez et

185 1126 2287 186 Ethan Maniquis et sorti en 2010. Il met en scène le person-

192 1219 2282 231 nage de Machete, déjà incarné par Danny Trejo dans la

172 1384 2031 200 saga Spy Kids et dans une fausse bande-annonce de

183 1444 2286 220 Grindhouse. Il apparait également dans Planète Terreur. Ce

203 1604 2262 201 film s'inspire dans la lignée « série B / film d'exploitation »

178 1727 2154 167 de Grindhouse. À sa sortie, le film reçoit un accueil

205 1837 2209 185 plutôt positif de la presse. Produit avec un budget assez

196 1944 2032 197 modeste, le film est un succès commercial. Une suite,

207 2126 1227 115 Machete Kills, sortira en 2013.

217 2189 2269 205 Le baron Arthur Nedjma Chassériau (né le 29 juin 1850 à

214 2317 2181 198 Alger et mort le 23 mai 1934 à Paris 8e) est un agent

238 2484 1858 137 de change, collectionneur français et grand

240 2625 1319 101 donateur du Musée du Louvre.
