2550 3300
465 386 1789 130 Wigglesworthia est un genre de bacilles Gram

456 493 1794 110 négatifs (BGN) de la famille des Erwiniaceae.

451 577 1633 134 Son nom fait référence au parasitologue

460 694 1016 121 Vincent Wigglesworth.

451 776 1829 120 En 2022 c'est un genre monospécifique,

458 880 1739 130 l'unique espèce connue Wigglesworthia

431 973 1812 123 glossinidia Aksoy 1995 étant également

440 1077 1121 148 l'espèce type du genre.

423 1177 1909 104 Gabriel Gustafsson Oxenstierna (15 juin 1587

414 1279 1778 103 à Tallinn- 27 novembre 1640 à Stockholm)

434 1382 1451 97 était un homme d'état suédois.

453 1471 1709 114 Lagoa do Ouro est une municipalité

436 1569 2071 104 brésilienne située dans l'État du Pernambouc.

440 1681 1900 101 Alexandre II (en russe : - II -) (Moscou, 29

436 1782 1980 124 avril 1818 - Saint-Pétersbourg, 13 mars 1881),

445 1869 2062 103 dit « le Libérateur », est également grand-duc

440 1958 2062 139 de Finlande et roi de Pologne jusqu'en 1867,

442 2068 2022 107 date à laquelle la Pologne est formellement

434 2181 1334 120 annexée par l'Empire russe.

442 2275 1764 133 Il est principalement connu pour ses

434 2367 1738 111 réformes, notamment l'abolition du

434 2473 1705 137 servage. Malgré les grandes réformes

418 2565 1848 110 libérales mises en place, il est assassiné,

436 2651 2068 113 le 1er mars 1881 (13 mars dans le calendrier

420 2759 2076 123 grégorien), lors d'un attentat organisé par

409 2868 1964 107 le groupe terroriste russe Narodnaïa Volia.

1707 199 696 101 imp_wikitexte_0124
