2550 3300
223 309 857 114 Nom de référence : imp_wikitexte_0161

229 432 1908 122 Ronald S. Stroud (8 juillet 1933 - 7 octobre 2021) est un historien de l’Antiquité et

234 562 653 90 un épigraphiste canadien.

245 661 1994 90 Après son baccalauréat universitaire à l'université de Toronto en 1957, il étudie à

240 768 2029 95 l'université de Californie à Berkeley, où il obtient son doctorat en 1965. Il commence

227 868 1855 147 ensuite à y enseigner, devenant professeur agrégé en 1969, professeur en 1972 et

231 969 1891 132 Klio Distinguished Professor of Classical Studies en 2001. En 2007, il prend sa

225 1074 2027 171 retraite. Depuis 1979, il est co-éditeur du Supplementum Epigraphicum Graecum.

187 1178 1963 149 Stroud est membre de l'Institut archéologique allemand et membre de la Société

198 1274 1034 110 américaine de philosophie depuis 2005.

951 1364 50 74 du

192 1367 1382 136 Ronald S. Stroud est le frère philosophe Barry Stroud.

194 1483 2047 170 Villemoron est une ancienne commune française du département de la Haute-Marne

196 1588 2040 195 en région Grand Est. C'est une commune associée de Vals-des-Tilles depuis 1973.

190 1683 2099 214 Brooksley E. Born (née en 1940 à San Francisco) >< est une femme de loi américaine

183 1782 2082 234 féministe qui fut du 26 août 1996 au 1er juin 1999 à la tête de la Commodity Futures

157 1908 707 125 Trading Commission (CFTC).
