2550 3300
267 245 1558 99 Nom de réference : imp_wikitexte_0292

236 452 1992 123 Les Lubas ou Baluba sont un peuple d’Afrique centrale

192 564 2148 136 établi principalement en république démocratique du congo

192 684 2220 108 précisément dans les actuelles provinces du Kasaï, Kasai-Oriental

214 797 2066 118 Sankuru, Lomami, Kasai-central et dans l'ex-province

173 913 2143 101 du Katanga. Dans des anciennes années où ils constituent

159 1030 1479 112 l'une des populations les plus nombreuses.

154 1136 2289 127 Quelques communautés vivent aussi dans les pays voisins d'Afrique

126 1257 2183 112 australe, notamment en Zambie et en Angola. Il y a en gros

144 1358 2151 123 4 branches Luba, notamment les Luba-shankadi (Y compris

154 1479 2002 124 Bahemba, Bangubangu, Kasenga-manba, Songyé etc.)

161 1591 2238 115 les Luba-Lubilanshi, Les Lulua et le groupe Lunda-Tshiokwe

161 1716 919 122 qui comprend les Lunda.

150 1826 2337 115 L'arak, arac ou arack (en arabe : -, araq /-araq/, littéralement «

179 1936 2334 121 transpiration », en référence à la distillation) est une eau-de-

148 2047 2152 109 vie de vin produite et consommée dans le Croissant fertile.

181 2150 1785 113 C'est une boisson alcoolisée traditionnelle de Bl

198 2274 2054 124 Méditerranée orientale, appréciée en Syrie, au Liban,

192 2378 2027 135 en Irak, en Jordanie, en Palestine et en Israël,,,.
