2550 3300
365 339 2014 101 Naum est un programme d'échecs développé par

324 434 1928 118 Aleksandar Naumov. En compétition officielle,

341 566 1788 95 Naum a seulement participé au Livingston

344 671 2081 102 Chess 960 Computer World Championship (Chess960

310 784 2155 112 CWC) de Mayence en 2006 (4e place) et 2008 (3e place),

293 905 2073 96 mais c'est l'un des plus forts programmes actuels.

343 1015 1843 77 Naum est un moteur d'échecs sans interface

302 1125 2031 97 supportant les protocoles WinBoard et UCI. Il est

313 1248 1892 95 disponible en version mono et multi processeur.

372 1362 1945 97 Apparue en 2002 pour Palm, la première version

322 1470 1888 95 publique pour PC de Naum sort en 2004. Les

297 1584 2025 104 problèmes que le programme rencontrait en fin

299 1697 1968 86 de partie ayant été résolus avec la version

319 1804 2085 110 1.9 en 2006, Naum devient un fort programme.

316 1916 1859 113 En 2007 le programme devient commercial.

423 2026 2005 113 Filippo Maria Pandolfi, né le 1er novembre 1927

313 2141 2077 111 à Bergame, est un homme politique italien issu

313 2262 1488 104 de la Démocratie chrétienne (DC.)

412 2372 1986 108 Pat Mombili est auteur de bande dessinée et

304 2481 2011 116 peintre  congolais, né le 14 avril 1972 à Kinshasa.

1141 2818 977 116 imp_wikitexte_0171
