2550 3300
315 245 710 103 imp_wikitexte_0173

319 440 2009 132 William Steinway (ou Wilhelm Steinway, né Wilhelm

324 577 2113 151 Steinweg le 5 mars 1835 et mort le 30 novembre 1896)

324 684 2060 108 est un homme d'affaires américain, fils du fondateur

300 795 1989 127 de l'entreprise Steinway & Sons, ayant influencé le

302 918 1645 102 développement d'Astoria dans le Queens.

319 1031 1994 113 William Steinway est né à Seesen en Allemagne,

297 1133 1961 134 il est le quatrième fils de Henry E. Steinway. Il

302 1256 1983 142 émigre aux États-Unis avec son père et ses frères

289 1369 1983 119 en 1850, et il fonde l'entreprise en 1853. En 1864,

278 1471 2042 164 après avoir établi le succès mercatique de Steinway,

282 1596 2104 116 il construit une série de nouvelles salles d'exposition

288 1708 2150 151 hébergeant plus de 100 pianos sur la 14e rue. William

308 1820 2027 127 Steinway crée également le département « Concert &

299 1930 1973 129 Artist », toujours existant aujourd'hui. En 1889 il

319 2051 1554 105 devient directeur de Steinway & Sons.

293 2170 2003 96 À partir de 1870 il avait commencé à construire le

308 2282 1972 110 « Steinway village » sur environ 1,6 km2 au nord

313 2389 2030 110 d'Astoria. En 1888 il fonde la société Daimler USA.

310 2502 1929 110 Son successeur à la tête de l'entreprise est Charles

321 2625 691 97 Herman Steinway.
