2550 3300
271 202 1370 142 Nom de référence: imp_wikitexte_0211

261 321 2140 132 Le championnat du Brésil de basket-ball est le plus haut

244 434 2195 160 niveau du basket-ball masculin au Brésil. 17 clubs participent

247 552 2276 138 au championnat. Un championnat binational est aussi organisé

251 665 1919 165 entre les meilleures équipes d'Argentine et du Brésil.

239 778 2246 162 Regino Delgado Robau (Santo Domingo, 7 septembre 1956 - ibid., 2

243 884 2294 155 février 2016) est un footballeur international cubain qui évoluait

243 992 916 137 comme milieu de terrain.

236 1108 2299 140 Leonardus Antony Marinus Riemens (né le 3 décembre 1910 à Zeven-

236 1244 2293 151 bergen et mort le 3 avril 1985 à Maastricht) est un journa

242 1342 1430 134 liste culturel et musicologue néerlandais

253 1461 2109 135 Le régiment d'Auxerrois est un régiment d'infanterie du

234 1569 2196 143 royaume de France, créé en 1635 sous le nom de régiment

236 1684 2140 136 Cardinal-Duc , devenu sous la Révolution le 12e régiment

236 1795 796 141 d'infanterie de ligne.

231 1903 2230 174 Le régiment d’Auxerrois est un régiment d’infanterie du

240 2028 1297 175 Royaume de France créé en 1776
