2550 3300
1764 271 652 75 imp_wikitexte_0098

341 386 1922 77 G.H. Manik (né le 26 avril 1928 et mort le 8 août 2001)

344 489 2044 112 est un officier militaire et homme politique indonésien,

405 604 1878 85 gouverneur du Sulawesi du Nord de 180 à 1985.

326 715 1891 95 Le cimetière du choléra de Varsovie (polonais :

354 819 1863 114 Cmentarz choleryczny w Warszawie) est un

361 940 1871 88 cimetière du choléra disparu de Varsovie.

333 1045 1954 100 Il fut établi pendant l'épidémie de choléra

308 1166 1994 115 qui frappa l'arrondissement de Praga-Pô-noc

277 1274 2012 106 en 1872-1873. Il est situé derrière les remblais

328 1398 2089 116 des voies ferrées qui longent la rue Starzy-skiego (pl),

350 1525 1757 90 au niveau de la rue Namys-owska.

324 1622 2062 114 Le HMS Welshman est un mouilleur de mines de la

343 1743 1907 110 classe Abdiel de la Royal Navy. Christoffer

344 1844 1906 123 Andersson est un footballeur suédois, né le 22

344 1970 1963 94 octobre 1978 à Nybro en Suède. Il évolue

346 2090 1050 99 comme milieu offensif.

350 2198 1801 121 Jacques Lipchitz, né Chaim Jacob Lipchitz

333 2322 1873 107 le 22 août 1891 à Druskininkai en Lituanie

348 2445 1816 96 et mort le 26 mai 1973 à Capri, est un

354 2536 1906 131 sculpteur naturalisé français puis américain.
