2550 3300
1213 13 965 102 imp_wikitexte_0130

277 223 1871 118 Frère Jérôme (29 août 1902 - 30 avril 1994), né

280 346 2044 141 Joseph Ulric-Aimé Paradis, est un enseignant

273 451 1862 143 et artiste canadien, frère de la congrégation de

277 567 1651 105 Sainte-Croix. Il est lié à l'histoire de l'art

273 663 1834 143 contemporain du Québec, ayant côtoyé les

293 767 1490 133 Paul-Émile Borduas, Fernand Leduc,

269 903 1921 121 Jean-Paul Mousseau et Claude Vermette, tant

284 1006 1475 134 comme élèves que comme collègues.

277 1123 2162 138 Gemini Rue est un jeu vidéo d'aventure graphique

269 1236 1851 162 américain créé par Joshua Nuernberger et

277 1342 1878 148 publié par Wadjet Games. Ce jeu emploie une

282 1488 1906 116 interface en pointer-et-cliquer par laquelle

288 1596 1904 122 le joueur interagit avec l'environnement,

272 1696 1923 127 résout des énigmes et communique avec les

311 1807 1987 145 personnages. Le nom original du projet était

289 1926 861 107 Boryokudan Rue.

289 2038 1708 130 Mfuatu est une localité de la République

289 2152 1723 125 démocratique du Congo, située dans la

291 2275 1084 110 province du Bas-Congo.

306 2380 1495 124 République démocratique du Congo

300 2474 2193 158 Mathieu dit Édouard Aynard (Lyon, 1er janvier 1837 -

275 2618 1953 119 Paris, 25 juin 1913) est un banquier et un homme

273 2719 1952 126 politique lyonnais, catholique et libéral, ancien

275 2820 1565 146 député du Rhône et grand mécène.
