2550 3300
1544 20 947 99 Réf : imp_wikitexte_0222

214 186 2253 203 Balkuy est une localité du département de Ouagadougou,

240 329 1900 159 dans la province de Kadiogo (région Centre) au

227 428 2068 147 Burkina Faso. En 2006, cette localité comptait

251 543 1704 164 6 426 habitants dont 50,25 % de femmes.

229 651 2176 178 Hubert-Jan Henket, né le 11 mars 1940 à Heerlen,

216 774 2172 155 est un architecte néerlandais. Défenseur résolu

258 889 2009 160 de l’architecture moderniste et partisan d’une

271 1022 2009 136 conception fonctionnaliste, il s’est néanmoins

273 1138 2135 137 spécialisé dans la réaffectation, la rénovation

266 1248 2194 152 et la restauration d’édifices, s’employant à

267 1351 1991 115 concilier le neuf et l’ancien en architecture.

245 1453 2117 160 La Millyard Viper V10 est une moto construite

260 1584 2106 154 par l'ingénieur anglais Allen Millyard. Elle

251 1703 2212 150 est animée par le moteur V10 de 8 L de la Dodge

277 1822 2184 148 Viper et développe environ 500 ch ; le couple

266 1937 2229 92 maximal vaut 712 N m. Le véhicule, non caréné,

282 2038 2083 156 pèse 630 kg tous pleins faits et est équipé

266 2145 2116 128 de roues de 20 pouces (pneu de 190 à l'avant

256 2269 993 110 et 280 à l'arrière).

255 2379 2074 129 Moto d'exception, la Viper V10 n'en est pas

240 2474 1855 178 moins homologuée dans certains pays.

278 2603 2143 158 Millyard avait prévu, en 2009, d'en fabriquer

242 2710 1345 139 une dizaine d'exemplaires.
