2550 3300
293 232 2080 163 Angelia Gabrena Ong, née le 27 juin 1990 à Iloilo,

297 356 2060 139 est un >mane< mannequin philippin ayant été

297 468 1288 91 couronné Miss Terre en 2015.

293 580 2137 102 Anders Celsius (prononcé en suédois ....) est un savant

291 698 1980 141 suédois né à Uppsala le 27 novembre 1701 et

302 821 1965 82 mort de la tuberculose dans la même ville le

289 902 1945 128 25 avril 1744. Il fut professeur d'astronomie à

306 1036 2023 109 l'université d'Uppsala (fondée en 1477). Il est

293 1149 1818 114 surtout connu du grand public pour être à

297 1262 2021 128 l'origine d'une échelle relative des températures

288 1372 2056 109 dont l'unité, le degré Celsius (°C), honore son nom.

305 1490 1931 105 Eugène Marie Louis Gaillemin est un homme

291 1607 1930 116 politique français de la IIIe République, né le

300 1719 2020 105 3 août 1880 à Vagney et décédé le 15 octobre

291 1818 2090 123 1960 à Cornimont, qui fut député puis sénateur

286 1956 1245 97 républicain national des Voges.

280 2057 2097 150 The Flight of the Crow est un film muet américain

280 2169 1659 110 réalisé par E.A. Martin et sorti en 1913.

1094 2499 1046 108 imp_wikitexte_0154
