2550 3300
255 233 2044 105 La chapelle Notre-Dame est une chapelle située à Saint-

220 359 620 90 Geniez, en France.

198 471 2124 113 Draco(indoni)indochinensis est une espèce de sauriens de la famille

210 583 531 125 des Agamidae.

222 684 2044 137 Zibane Ngozi (né le 31 octobre 1992) est un athlète botswanais,

209 809 930 93 spécialiste du 400 mètres.

212 916 2059 121 L’Ami du Roi est un journal royaliste créé le 1er juin 1790 par

216 1030 1811 117 l’abbé Thomas Marie Royou et Galart de Montjoie.

203 1142 2058 106 Léon Herbo, né à Templeuve le 8 octobre 1850 et mort à Ixelles

223 1265 1193 106 le 19 juin 1907, est un peintre belge.

210 1371 2097 117 Edafe Egbedi est un footballeur nigérian né le 5 août 1993.

221 1486 1760 107 Il évolue au poste d'attaquant au Norrby IF.

199 1594 2215 127 Le kakémono (- kakémono, littéralement "objet accroché) ou kaké-

207 1714 2278 141 jiku (-) désigne au Japon une peinture ou une calligraphie sur soie

199 1840 2242 88 ou sur papier encadrée en rouleau(ou) et destinée à être accro-

205 1944 2274 137 chée au mur ou sur les mâts d'éclairage public (réf. souhai-

212 2055 209 97 tée)

236 2158 2104 145 Araks ou Araqs (en arménien - ; jusqu'en 1946 Sharifabad

205 2278 2124 110 ou Nerkin Gharkhun) est une communauté rurale du marz

201 2388 2119 114 d'Armavir, en Arménie. Elle compte (1,827) 1 827 habitants

196 2515 369 79 en 2009.

1449 2739 842 97 imp_wikitexte_0166
