2550 3300
1577 16 769 75 imp_wikitexte_0085

338 228 1909 107 Andrija Bali-, né le 11 août 1997 à Split,

277 337 2069 103 est un footballeur croate. Il évolue au poste

280 456 2223 99 de milieu de terrain au FC ViOn Zlaté Moravce.

278 570 2048 113 Radar Scope (-) est un shoot them up sorti

280 686 1882 100 en 1980 sur borne d'arcade. Le jeu à été

284 795 1517 101 développé et édité par Nintendo.

283 893 2112 141 Conçu pour s'implanter en Amérique du Nord,

273 1013 1445 114 le jeu est un échec commercial.

275 1116 2047 136 Shigeru Miyamoto a alors pour mission, de

251 1245 2284 102 réutiliser les bornes non vendues pour un nouveau

251 1371 2108 117 jeu. Il met alors au point Donkey Kong, qui

247 1490 2137 91 sera cette fois-ci un succès commercial, en 1981.

260 1602 2119 108 Molines-en-Queyras (en occitan Morinas) est

266 1713 1796 94 une commune française située dans le

267 1814 1873 116 département des Hautes-Alpes en région

267 1920 2053 113 Provence-Alpes-Côte d'Azur. Son territoire

258 2053 2214 114 fait partie du parc naturel régional du Queyras.

267 2161 2110 99 Patrick Côté, né le 29 février 1980, est un

283 2278 2057 106 pratiquant canadien d'arts martiaux mixtes

280 2398 2071 88 (MMA). Il détient une ceinture noire de

302 2497 1829 118 jiu-jitsu brésilien. Il a combattu à

294 2612 1972 127 l'Ultimate Fighting Championship dans

310 2719 2215 152 la division des poids moyens et mi-moyens.
