<?xml version="1.0" encoding="UTF-8"?>
<alto xmlns:xsi="http://www.w3.org/2001/XMLSchema-instance"
      xmlns="http://www.loc.gov/standards/alto/ns-v4#"
      xsi:schemaLocation="http://www.loc.gov/standards/alto/ns-v4# http://www.loc.gov/standards/alto/v4/alto-4-2.xsd">
  <Description>
    <MeasurementUnit>pixel</MeasurementUnit>
    <sourceImageInformation>
      <fileName>imp_wikitexte_0129.jpg</fileName>
    </sourceImageInformation>
  </Description>
  <Tags>
    <OtherTag ID="BT1" LABEL="Title" DESCRIPTION="block type Title"/><OtherTag ID="BT2" LABEL="Main" DESCRIPTION="block type Main"/><OtherTag ID="BT3" LABEL="Commentary" DESCRIPTION="block type Commentary"/><OtherTag ID="BT4" LABEL="Illustration" DESCRIPTION="block type Illustration"/><OtherTag ID="BT153" LABEL="text" DESCRIPTION="block type text"/>
    <OtherTag ID="LT153" LABEL="default" DESCRIPTION="line type default"/>
  </Tags>
  <Layout>
    <Page WIDTH="2550"
          HEIGHT="3300"
          PHYSICAL_IMG_NR="0"
          ID="eSc_dummypage_">
      <PrintSpace HPOS="0"
                  VPOS="0"
                  WIDTH="2550"
                  HEIGHT="3300">
        <TextBlock HPOS="198"
                   VPOS="7"
                   WIDTH="2197"
                   HEIGHT="2286"
                   ID="eSc_textblock_759528f0"
                   TAGREFS="BT153">
          <Shape><Polygon POINTS="1761 7 2344 22 2381 58 2395 174 2344 264 2359 665 2322 718 2344 762 2322 848 2359 880 2359 1186 2351 1259 2315 1303 2351 1320 2351 1354 2293 1398 1962 1430 2315 1452 2148 1464 2052 1494 2043 1523 2096 1554 2278 1569 2249 1576 2258 1606 2329 1613 2351 1824 2234 1875 2337 1892 2337 1926 2278 1958 2337 1980 2359 2024 2337 2154 1942 2205 1935 2236 2028 2256 1823 2293 286 2278 271 271 198 225 198 139 1720 132 1729 29 1761 7"/></Shape>
          <TextLine ID="eSc_line_8e040c92"
                    TAGREFS="LT153"
                    BASELINE="1742 73 2346 80" 
                    HPOS="1740"
                    VPOS="18"
                    WIDTH="606"
                    HEIGHT="84">
            <Shape><Polygon POINTS="1742 73 1740 88 1753 97 1755 97 1757 97 1759 99 1825 99 1825 97 1827 97 1829 97 1829 95 1838 88 1957 97 1959 97 2126 91 2194 102 2195 102 2344 93 2346 80 2342 34 2194 42 2162 42 2155 34 2140 22 2139 22 2137 22 2135 22 2073 33 2045 20 2043 20 1950 20 1948 20 1946 20 1902 36 1893 38 1858 38 1856 36 1840 20 1840 18 1838 18 1836 18 1834 18 1832 18 1801 33 1779 18 1777 18 1775 18 1773 18 1772 18 1742 33 1742 73"/></Shape>
	    <String CONTENT="imp_wikitexte_0129"
                    HPOS="1740"
                    VPOS="18"
                    WIDTH="606"
                    HEIGHT="84"></String>
          </TextLine>
          <TextLine ID="eSc_line_368f3f79"
                    TAGREFS="LT153"
                    BASELINE="288 309 1229 308 2131 316" 
                    HPOS="283"
                    VPOS="242"
                    WIDTH="1846"
                    HEIGHT="112">
            <Shape><Polygon POINTS="286 308 283 327 591 332 610 352 618 354 800 354 827 332 1166 332 1193 354 1276 338 1284 338 1314 354 1677 335 1906 338 1922 354 1931 354 2126 346 2129 313 2126 272 1950 269 1931 250 1920 250 1859 266 1796 244 1722 244 1722 247 1702 261 1683 247 1589 247 1562 269 1493 247 1485 247 1444 269 1356 255 1350 255 1320 269 1141 269 1119 250 1105 250 1089 264 1064 242 1053 242 995 264 965 255 924 250 905 266 772 242 715 242 687 269 613 269 583 242 478 242 451 269 412 269 379 242 286 247 286 308"/></Shape>
	    <String CONTENT="Les Cockney Rejects sont un groupe de Oi! britannique,"
                    HPOS="283"
                    VPOS="242"
                    WIDTH="1846"
                    HEIGHT="112"></String>
          </TextLine>
          <TextLine ID="eSc_line_58826bd8"
                    TAGREFS="LT153"
                    BASELINE="289 418 2236 430" 
                    HPOS="288"
                    VPOS="355"
                    WIDTH="1948"
                    HEIGHT="107">
            <Shape><Polygon POINTS="289 418 288 436 332 451 333 451 335 451 471 441 847 454 849 454 1091 445 1878 447 1957 462 1959 462 1961 462 1984 451 2234 451 2236 430 2236 390 2197 368 2195 368 2194 368 2192 368 2124 388 2117 390 2109 388 2084 377 2082 377 2080 377 2078 377 2047 386 2021 394 1994 386 1953 374 1951 374 1950 374 1948 374 1913 385 1889 392 1874 383 1858 374 1856 374 1854 374 1852 374 1851 374 1827 383 1818 386 1808 383 1775 366 1773 366 1772 366 1770 366 1728 377 1680 364 1678 364 1487 364 1485 364 1484 364 1452 375 1414 390 1238 385 1210 372 1201 368 1199 368 1197 368 1196 368 1188 372 1159 385 1133 370 1119 361 1117 361 1115 361 1113 361 1111 361 1095 370 1060 386 970 366 963 366 961 366 959 366 957 366 904 386 809 377 807 377 709 385 682 370 680 370 678 370 676 370 632 385 440 385 387 357 385 357 289 355 289 418"/></Shape>
	    <String CONTENT="originaire du quartier londonien de East End qui s&#x27;est"
                    HPOS="288"
                    VPOS="355"
                    WIDTH="1948"
                    HEIGHT="107"></String>
          </TextLine>
          <TextLine ID="eSc_line_6c87517b"
                    TAGREFS="LT153"
                    BASELINE="297 540 944 533 2278 546" 
                    HPOS="297"
                    VPOS="474"
                    WIDTH="1981"
                    HEIGHT="99">
            <Shape><Polygon POINTS="297 562 1841 561 1902 562 2084 573 2085 573 2276 562 2278 546 2278 509 2192 487 2190 487 2188 487 2148 507 2089 507 2071 507 2069 506 1906 487 1904 487 1834 504 1832 504 1829 504 1764 484 1762 484 1761 484 1646 485 1636 485 1631 488 1566 482 1564 482 1522 482 1520 482 1518 482 1478 500 1447 482 1445 482 1443 482 1408 482 1407 482 1405 482 1339 498 1324 502 1311 498 1260 480 1258 480 1256 480 1179 496 1161 500 1146 496 1130 491 1128 491 1126 491 1093 496 1062 500 1053 495 1025 480 1023 480 1021 480 1020 480 963 495 953 496 948 495 915 478 913 478 792 478 790 478 788 478 763 491 645 480 643 480 642 480 620 491 607 498 405 498 372 487 324 474 322 474 321 474 319 474 297 484 297 540"/></Shape>
	    <String CONTENT="formé en 1979. Selon leur site web et d&#x27;autres sources, la"
                    HPOS="297"
                    VPOS="474"
                    WIDTH="1981"
                    HEIGHT="99"></String>
          </TextLine>
          <TextLine ID="eSc_line_dbca56d7"
                    TAGREFS="LT153"
                    BASELINE="289 649 2032 649 2232 656" 
                    HPOS="289"
                    VPOS="590"
                    WIDTH="1943"
                    HEIGHT="88">
            <Shape><Polygon POINTS="289 649 289 678 2230 676 2232 656 2228 599 2052 605 2041 599 2025 590 2023 590 1966 590 1964 590 1962 590 1933 599 1917 605 1907 599 1889 590 1887 590 1827 590 1825 590 1823 590 1805 599 1796 605 1786 599 1770 592 1768 592 1766 592 1764 592 1731 601 1713 605 1698 601 1669 590 1667 590 1665 590 1663 590 1623 601 1607 605 1599 601 1579 590 1577 590 1531 590 1530 590 1528 590 1491 601 1478 606 1408 606 1394 601 1350 590 1348 590 1346 590 1344 590 1320 601 1313 606 1192 606 1183 603 1142 590 1141 590 1139 590 1137 590 1097 603 1091 605 1086 603 1058 590 1056 590 1054 590 997 603 990 605 986 603 961 590 959 590 957 590 860 603 849 605 847 605 821 590 820 590 818 590 816 590 792 599 753 590 752 590 750 590 748 590 708 605 706 605 704 605 678 590 676 590 590 590 588 590 587 590 559 605 557 606 434 606 432 605 333 590 332 590 330 590 289 605 289 649"/></Shape>
	    <String CONTENT="chanson Oi! Oi! Oi! de leur album Greatest Hits Volume 2"
                    HPOS="289"
                    VPOS="590"
                    WIDTH="1943"
                    HEIGHT="88"></String>
          </TextLine>
          <TextLine ID="eSc_line_f6f6b2ce"
                    TAGREFS="LT153"
                    BASELINE="295 762 1803 768" 
                    HPOS="295"
                    VPOS="705"
                    WIDTH="1508"
                    HEIGHT="98">
            <Shape><Polygon POINTS="295 762 295 790 618 784 642 790 669 799 671 799 673 801 770 801 770 799 827 790 851 786 1282 786 1298 790 1333 803 1335 803 1337 803 1458 792 1801 792 1803 768 1803 729 1761 709 1759 709 1757 709 1667 729 1579 729 1462 729 1462 727 1436 709 1434 709 1432 709 1342 709 1341 709 1339 709 1302 727 1300 727 1298 727 1230 707 1229 707 1201 707 1199 707 1197 707 1196 707 1172 726 1150 713 1148 713 1146 713 1144 713 1124 724 964 726 959 726 924 707 922 707 920 707 919 707 873 726 834 726 746 726 682 722 662 705 660 705 658 705 656 705 572 715 532 705 530 705 528 705 526 705 524 705 508 716 491 705 489 705 487 705 420 705 418 705 416 705 366 722 322 705 321 705 319 705 317 705 315 705 295 718 295 762"/></Shape>
	    <String CONTENT="serait à l&#x27;origine du nom du style musical."
                    HPOS="295"
                    VPOS="705"
                    WIDTH="1508"
                    HEIGHT="98"></String>
          </TextLine>
          <TextLine ID="eSc_line_379152e8"
                    TAGREFS="LT153"
                    BASELINE="295 878 1992 885" 
                    HPOS="293"
                    VPOS="817"
                    WIDTH="1699"
                    HEIGHT="94">
            <Shape><Polygon POINTS="295 878 293 896 475 905 476 905 610 898 664 896 713 898 887 911 889 911 1990 903 1992 885 1992 845 1959 828 1957 828 1955 828 1953 828 1896 843 1854 823 1852 823 1740 823 1739 823 1737 823 1735 823 1709 841 1704 845 1647 845 1640 839 1614 823 1612 823 1610 823 1608 823 1607 823 1568 839 1561 841 1511 837 1416 832 1414 832 1412 832 1399 837 1388 841 1377 836 1355 826 1353 826 1352 826 1350 826 1313 836 1291 841 1273 836 1234 821 1232 821 1230 821 1229 821 1227 821 1207 834 1194 843 1153 843 1135 834 1131 832 1130 832 1128 832 1076 832 913 836 900 830 878 819 876 819 875 819 873 819 838 828 809 837 794 828 781 819 779 819 777 819 711 817 709 817 708 817 706 817 691 826 673 837 645 826 620 817 618 817 616 817 614 817 596 826 572 837 519 825 491 819 489 819 487 819 469 825 443 832 427 823 414 817 412 817 410 817 295 821 295 878"/></Shape>
	    <String CONTENT="Friedrich Thieberger, né le 12 novembre 1888 à"
                    HPOS="293"
                    VPOS="817"
                    WIDTH="1699"
                    HEIGHT="94"></String>
          </TextLine>
          <TextLine ID="eSc_line_6b56ab18"
                    TAGREFS="LT153"
                    BASELINE="314 990 2335 999" 
                    HPOS="310"
                    VPOS="915"
                    WIDTH="2022"
                    HEIGHT="124">
            <Shape><Polygon POINTS="313 990 310 1012 602 1014 621 1031 1573 1020 1661 1036 1669 1036 1686 1023 1788 1036 1834 1023 1914 1036 1917 1039 1986 1039 1986 1036 1991 1036 2010 1020 2327 1020 2332 998 2329 951 2252 951 2252 948 2219 921 2107 921 2079 946 1843 951 1664 951 1642 940 1576 918 1567 918 1460 946 1405 924 1397 924 1358 937 1284 918 1276 918 1221 943 1193 918 1138 918 1072 946 880 946 847 915 767 915 748 929 742 937 715 915 654 915 610 946 580 946 550 918 539 918 519 926 500 940 473 915 313 924 313 990"/></Shape>
	    <String CONTENT="Goltsch-Jenikau en Autriche-Hongrie, aujourd&#x27;hui"
                    HPOS="310"
                    VPOS="915"
                    WIDTH="2022"
                    HEIGHT="124"></String>
          </TextLine>
          <TextLine ID="eSc_line_23dc2ea7"
                    TAGREFS="LT153"
                    BASELINE="327 1109 1227 1103 2228 1114" 
                    HPOS="324"
                    VPOS="1028"
                    WIDTH="1901"
                    HEIGHT="121">
            <Shape><Polygon POINTS="324 1108 324 1130 536 1130 569 1146 651 1133 654 1130 1072 1130 1092 1146 1160 1133 1265 1146 1581 1135 1598 1149 1606 1149 1691 1135 1735 1149 1815 1133 2219 1133 2225 1113 2225 1061 2181 1036 2170 1036 2120 1058 2098 1039 2098 1036 1942 1053 1903 1034 1895 1034 1823 1064 1639 1064 1631 1058 1576 1036 1567 1036 1518 1050 1501 1034 1488 1034 1455 1058 1446 1061 1347 1061 1339 1056 1262 1031 1155 1050 1130 1031 1023 1031 976 1053 965 1061 816 1061 783 1031 772 1031 726 1053 709 1058 640 1053 640 1050 618 1034 618 1031 607 1031 541 1053 473 1050 448 1028 335 1028 324 1036 324 1108"/></Shape>
	    <String CONTENT="Gol-v Jeníkov en République tchèque, et mort le"
                    HPOS="324"
                    VPOS="1028"
                    WIDTH="1901"
                    HEIGHT="121"></String>
          </TextLine>
          <TextLine ID="eSc_line_ddaf32bf"
                    TAGREFS="LT153"
                    BASELINE="312 1233 2073 1221 2322 1233" 
                    HPOS="308"
                    VPOS="1149"
                    WIDTH="2013"
                    HEIGHT="113">
            <Shape><Polygon POINTS="310 1232 310 1245 420 1259 429 1259 445 1245 726 1245 794 1262 803 1262 836 1245 869 1259 984 1245 1213 1259 1356 1245 2318 1254 2321 1232 2318 1174 2101 1155 1799 1174 1766 1149 1653 1174 1600 1149 1592 1149 1510 1174 1427 1149 1419 1149 1356 1177 1342 1177 1287 1163 1182 1177 1155 1152 1042 1171 902 1152 803 1179 761 1155 613 1155 569 1179 539 1155 321 1155 308 1168 310 1232"/></Shape>
	    <String CONTENT="30 mai 1958 à Jérusalem en Israël est un écrivain,"
                    HPOS="308"
                    VPOS="1149"
                    WIDTH="2013"
                    HEIGHT="113"></String>
          </TextLine>
          <TextLine ID="eSc_line_584ddf4c"
                    TAGREFS="LT153"
                    BASELINE="338 1336 1104 1331 1940 1342" 
                    HPOS="332"
                    VPOS="1256"
                    WIDTH="1607"
                    HEIGHT="124">
            <Shape><Polygon POINTS="335 1333 332 1364 1226 1358 1251 1372 1265 1372 1281 1358 1427 1358 1823 1380 1936 1361 1939 1342 1936 1289 1834 1289 1821 1273 1749 1284 1722 1265 1711 1265 1655 1287 1609 1265 1600 1265 1554 1287 1504 1265 1496 1265 1424 1287 1246 1287 1246 1284 1221 1265 1221 1262 1210 1262 1155 1284 1111 1262 979 1262 979 1265 965 1276 935 1265 927 1265 883 1281 863 1262 863 1259 852 1259 786 1281 651 1262 563 1278 544 1262 533 1262 506 1273 440 1256 335 1278 335 1333"/></Shape>
	    <String CONTENT="philosophe, et militant sioniste de langue"
                    HPOS="332"
                    VPOS="1256"
                    WIDTH="1607"
                    HEIGHT="124"></String>
          </TextLine>
          <TextLine ID="eSc_line_4f1c100a"
                    TAGREFS="LT153"
                    BASELINE="321 1452 733 1446" 
                    HPOS="316"
                    VPOS="1366"
                    WIDTH="415"
                    HEIGHT="102">
            <Shape><Polygon POINTS="319 1452 319 1468 731 1468 731 1443 728 1394 649 1366 646 1366 643 1366 640 1366 638 1366 638 1369 616 1391 495 1397 492 1397 456 1369 453 1369 451 1369 448 1369 316 1399 319 1452"/></Shape>
	    <String CONTENT="allemande."
                    HPOS="316"
                    VPOS="1366"
                    WIDTH="415"
                    HEIGHT="102"></String>
          </TextLine>
          <TextLine ID="eSc_line_6b292fd1"
                    TAGREFS="LT153"
                    BASELINE="309 1563 737 1556 1981 1565" 
                    HPOS="305"
                    VPOS="1476"
                    WIDTH="1675"
                    HEIGHT="116">
            <Shape><Polygon POINTS="308 1562 305 1584 1975 1592 1980 1564 1980 1512 1953 1485 1942 1485 1884 1512 1774 1512 1757 1496 1746 1496 1716 1512 1529 1512 1405 1482 1358 1482 1328 1507 1204 1485 1147 1485 1127 1504 1100 1485 998 1504 971 1482 971 1479 957 1479 916 1504 855 1479 764 1479 764 1482 739 1501 717 1485 638 1485 607 1504 563 1482 464 1476 349 1476 308 1493 308 1562"/></Shape>
	    <String CONTENT="L&#x27;AGM-78 Standard ARM était un missile"
                    HPOS="305"
                    VPOS="1476"
                    WIDTH="1675"
                    HEIGHT="116"></String>
          </TextLine>
          <TextLine ID="eSc_line_855b65a8"
                    TAGREFS="LT153"
                    BASELINE="289 1670 2256 1681" 
                    HPOS="288"
                    VPOS="1602"
                    WIDTH="1968"
                    HEIGHT="125">
            <Shape><Polygon POINTS="300 1705 302 1705 304 1705 306 1705 308 1705 335 1694 388 1694 458 1694 460 1694 486 1705 487 1705 489 1705 491 1705 524 1694 535 1692 596 1695 770 1705 772 1705 842 1695 849 1695 851 1695 893 1717 895 1717 944 1719 946 1721 1067 1721 1067 1719 1069 1719 1091 1708 1144 1719 1146 1719 1148 1719 1177 1703 1254 1697 1269 1697 1271 1697 1322 1721 1324 1721 1326 1723 1388 1723 1388 1721 1390 1721 1438 1699 1441 1697 1895 1697 1902 1701 1940 1725 1942 1725 1944 1725 1946 1727 2005 1727 2005 1725 2006 1725 2076 1701 2084 1699 2252 1701 2256 1681 2252 1629 2139 1613 2016 1626 1994 1613 1992 1613 1917 1611 1915 1611 1913 1611 1889 1624 1874 1631 1841 1622 1818 1617 1816 1617 1814 1617 1812 1617 1799 1622 1781 1633 1685 1633 1663 1620 1647 1611 1645 1611 1575 1609 1574 1609 1572 1609 1553 1618 1533 1631 1438 1631 1401 1617 1381 1609 1379 1609 1377 1609 1375 1609 1357 1617 1320 1629 1293 1615 1280 1609 1278 1609 1276 1609 1275 1609 1263 1615 1236 1628 1144 1613 1139 1613 1137 1613 1135 1613 1106 1629 1031 1629 926 1609 897 1606 812 1606 810 1606 809 1606 803 1609 768 1628 676 1628 638 1606 636 1606 634 1606 632 1606 631 1606 629 1606 581 1622 467 1622 420 1604 418 1604 416 1604 414 1604 357 1618 291 1602 289 1670 288 1695"/></Shape>
	    <String CONTENT="anti-radar développé par la firme General Dynamics"
                    HPOS="288"
                    VPOS="1602"
                    WIDTH="1968"
                    HEIGHT="125"></String>
          </TextLine>
          <TextLine ID="eSc_line_dfe6bc0e"
                    TAGREFS="LT153"
                    BASELINE="307 1792 2041 1789 2142 1796" 
                    HPOS="302"
                    VPOS="1689"
                    WIDTH="1838"
                    HEIGHT="142">
            <Shape><Polygon POINTS="305 1831 440 1809 1037 1809 1056 1828 1075 1826 1111 1812 1559 1828 2137 1815 2140 1795 2137 1722 1936 1724 1928 1724 1898 1743 1834 1727 1826 1727 1774 1743 1744 1716 1730 1716 1702 1740 1617 1724 1609 1724 1589 1738 1556 1713 1545 1713 1468 1743 1334 1713 1334 1716 1301 1743 1017 1724 1009 1724 989 1722 957 1721 943 1721 916 1746 850 1746 759 1710 535 1689 396 1735 341 1721 330 1721 302 1740 305 1790"/></Shape>
	    <String CONTENT="aux États-Unis. Conçu en 1967 et produit depuis"
                    HPOS="302"
                    VPOS="1689"
                    WIDTH="1838"
                    HEIGHT="142"></String>
          </TextLine>
          <TextLine ID="eSc_line_ba672712"
                    TAGREFS="LT153"
                    BASELINE="301 1899 1997 1903" 
                    HPOS="299"
                    VPOS="1831"
                    WIDTH="1695"
                    HEIGHT="113">
            <Shape><Polygon POINTS="302 1938 343 1925 660 1925 676 1941 698 1938 728 1925 1122 1925 1141 1941 1141 1944 1279 1930 1314 1944 1991 1930 1994 1903 1991 1859 1867 1834 1818 1834 1818 1837 1796 1856 1757 1834 1749 1834 1702 1856 1559 1837 1506 1844 1341 1847 1290 1834 1279 1834 1246 1853 1226 1837 1226 1834 1215 1834 1152 1856 1133 1856 993 1834 927 1853 896 1834 885 1834 844 1850 827 1834 827 1831 816 1831 745 1856 662 1856 662 1853 638 1834 638 1831 528 1831 478 1853 459 1831 368 1831 299 1850 299 1897"/></Shape>
	    <String CONTENT="cette date, il en sera fabriqué plus de 3 000"
                    HPOS="299"
                    VPOS="1831"
                    WIDTH="1695"
                    HEIGHT="113"></String>
          </TextLine>
          <TextLine ID="eSc_line_e32e96be"
                    TAGREFS="LT153"
                    BASELINE="318 2022 1005 2009 2003 2022" 
                    HPOS="313"
                    VPOS="1939"
                    WIDTH="1689"
                    HEIGHT="115">
            <Shape><Polygon POINTS="313 2054 484 2054 484 2051 489 2051 489 2048 503 2037 1045 2037 1141 2054 1999 2040 2002 2021 1999 1971 1859 1971 1810 1947 1799 1947 1763 1969 1713 1947 1705 1947 1580 1945 1463 1969 1405 1947 1394 1947 1364 1966 1345 1947 1334 1947 1265 1963 1237 1947 1224 1947 1188 1971 1122 1971 1056 1944 825 1966 710 1939 649 1944 624 1966 572 1944 563 1944 481 1966 376 1966 349 1944 335 1944 316 1958 316 2021"/></Shape>
	    <String CONTENT="jusqu&#x27;à l&#x27;année 1976, date de l&#x27;arrêt de sa"
                    HPOS="313"
                    VPOS="1939"
                    WIDTH="1689"
                    HEIGHT="115"></String>
          </TextLine>
          <TextLine ID="eSc_line_0da60e0d"
                    TAGREFS="LT153"
                    BASELINE="339 2133 680 2123 2243 2142" 
                    HPOS="335"
                    VPOS="2043"
                    WIDTH="1906"
                    HEIGHT="140">
            <Shape><Polygon POINTS="338 2131 335 2164 563 2150 1191 2156 1210 2175 1317 2158 1353 2178 1358 2178 1474 2172 1496 2156 1785 2156 1812 2180 1821 2183 1892 2183 1892 2180 1898 2180 1911 2167 1928 2156 2148 2156 2181 2183 2192 2183 2239 2167 2241 2087 2153 2057 2082 2057 2046 2084 1878 2057 1788 2059 1746 2081 1719 2057 1719 2054 1666 2054 1639 2079 1573 2057 1565 2057 1510 2081 1433 2081 1358 2076 1328 2048 1221 2062 1171 2048 1160 2048 1127 2076 987 2046 822 2046 792 2073 668 2073 591 2043 583 2043 528 2070 478 2048 470 2048 426 2070 338 2070 338 2131"/></Shape>
	    <String CONTENT="production. Nathalie Hertzberg, née le 25 juin 1973,"
                    HPOS="335"
                    VPOS="2043"
                    WIDTH="1906"
                    HEIGHT="140"></String>
          </TextLine>
          <TextLine ID="eSc_line_f482e6a6"
                    TAGREFS="LT153"
                    BASELINE="345 2244 798 2236 1870 2248" 
                    HPOS="341"
                    VPOS="2152"
                    WIDTH="1526"
                    HEIGHT="136">
            <Shape><Polygon POINTS="341 2260 654 2263 671 2279 671 2282 684 2282 715 2263 772 2263 935 2266 965 2285 976 2285 1028 2271 1081 2285 1389 2271 1411 2288 1587 2268 1606 2285 1606 2288 1617 2288 1694 2268 1804 2285 1865 2266 1867 2246 1865 2200 1554 2197 1507 2178 1499 2178 1457 2197 1444 2197 1314 2175 1078 2175 1023 2194 1004 2178 1004 2175 940 2172 932 2172 907 2191 789 2152 572 2189 536 2172 528 2172 484 2191 464 2172 464 2169 343 2189 343 2244"/></Shape>
	    <String CONTENT="est une scénariste et monteuse française."
                    HPOS="341"
                    VPOS="2152"
                    WIDTH="1526"
                    HEIGHT="136"></String>
          </TextLine>
        </TextBlock>
        <TextBlock HPOS="2287"
                   VPOS="1562"
                   WIDTH="50"
                   HEIGHT="27"
                   ID="eSc_textblock_b39fe2df"
                   TAGREFS="BT153">
          <Shape><Polygon POINTS="2311 1562 2337 1562 2337 1589 2287 1574 2311 1562"/></Shape>
        </TextBlock>
      </PrintSpace>
    </Page>
  </Layout>
</alto>
