2550 3300
283 206 1683 210 Nom de référence: imp_wikitexte_0233

249 425 2238 125 Broek in Waterland, ou plus communément Broek (en vieux

244 547 2267 150 néerlandais : Broeck, 1342, puis Broec in Waterland, 1420),

251 664 2166 115 est un village néerlandais situé dans la commune de

262 781 2247 126 Waterland, en province de Hollande-Septentrionale. Avec

255 898 2230 132 une population de 2 735 habitants en 2019, il se trouve

262 1009 2196 109 au cœur de la région naturelle de Waterland, connue

260 1122 2225 175 pour ses paysages semi-aquatiques. Broek in Waterland se

264 1228 2258 125 situe 9 kilomètres au nord-est d'Amsterdam et 8 kilomè-

264 1357 1128 111 tres au sud de Purmerend.

236 1455 2286 130 Andreas Vollenweider (né le 4 octobre 1953 à Zurich) est

251 1570 789 120 un musicien suisse.

242 1684 1990 180 Il est généralement classé dans le genre world-pop-jazz.

236 1792 2266 134 Son instrument de prédilection est une harpe électro-acoustique

236 1903 2132 141 de sa conception, mais il joue également d'une grande variété

232 2033 2266 124 d'instruments du monde entier. De nombreux musiciens par-

232 2143 2152 128 ticipent à l'enregistrement de ses compositions, allant de

236 2256 2299 131 simples solos à des suites pour orchestres et solistes. Sa musique

247 2381 2279 119 est principalement instrumentale. Il s'est également illustré dans

243 2488 2180 161 des compositions faisant appel à la voix. Ses collaborateurs

242 2599 2267 130 incluent Bobby McFerrin, Carly Simon, Djivan Gasparyan,

249 2709 2223 192 Luciano Pavarotti, Ladysmith Black Mambazo et Milton

260 2834 501 104 Nascimento
