2550 3300
337 324 725 104 imp_wikitexte_0223

170 474 2182 110 La Colline de l'observatoire (en finnois : Tähtitornin vuori ou  Tähtitorninmäki;

176 564 2326 118 en suédois : Observatorieberget ou Observatoriebacken) est une colline rocheuse de 30 mètres

172 650 2258 121 de hauteur dans le quartier de  Ullanlinna à proximité du  port du sud d'Helsinki. La colline

188 746 2319 123 est occupée par un parc avec quelques bâtiments parmi lesquels ceux de l'ancien observatoire

192 863 664 83 de l'université d'Helsinki.

401 971 1969 94 Jean-François Pourvoyeur est un graveur d'interprétation (eau-forte, burin et

209 1056 2234 113 taille-douce) français né Jean-Baptiste François Catherine Pourvoyeur en 1784 et mort

210 1169 670 79 à Paris le 6 août 1851.

407 1263 2078 102 Pietro, der Korsar (en français, Pietro le corsaire) est un film allemand réalisé par

223 1369 864 95 Arthur Robison, sorti en 1925.

443 1463 2011 106 Antonio Rozzi (né le 28 mai 1994 à Rome) est un footballeur italien, qui évolue

280 1576 705 105 au poste d'ailier gauche.

471 1681 1919 106 Garoua-Boulaï est une ville du Cameroun située dans la région de l'Est et

297 1780 2139 112 le département du Lom-et-Djérem, à la frontière avec la République centrafricaine.

317 1866 2177 126 Dans le contexte de la troisième guerre civile centrafricaine, elle accueille plusieurs milliers

317 1987 1268 101 de réfugiés venus de >l< République centrafricaine.
