2550 3300
227 372 1376 86 Nom de référence : imp_wikitexte_0181

214 546 1969 88 Ali Fuat Cebesoy (23 septembre 1882, Istanbul - 10 janvier

209 654 1902 79 1968, Istanbul) est un officier militaire, un homme

206 759 1978 88 politique et un homme d'État turc. Son père est -smail

212 859 2015 90 Faz-l Pa-a et sa mère est Zekiye Han-m. Il a fait ses

220 957 1997 88 études à l'École de guerre en 1902, avant d'entrer à

217 1053 1920 110 l'École de guerre >< turque en

220 1185 209 74 1905.

205 1318 2034 123 Ernest Linard est un architecte belge éclectique qui a

195 1410 1942 121 conçu quelques bâtiments teintés d'Art nouveau à

207 1552 402 79 Bruxelles.

214 1642 2011 136 Résultats détaillés de l’édition 1926 du championnat de

209 1754 1999 117 tennis Wimbledon qui est disputée du 21 >< juin

221 1875 696 103 au 3 juillet 1926.

225 2013 2102 143 Boles-aw Romanowski (né le 21 mars 1910 à Warklany -

223 2119 2119 130 mort le 12 août 1968 à Gda-sk) est un sous-marinier

231 2223 1750 120 polonais lors de la Seconde Guerre mondiale.

225 2420 2052 110 Lisboa est un >< film espagnol réalisé par Antonio

238 2552 954 95 Hernández, sorti en 1999.
