2550 3300
282 243 930 94 imp_wikitexte_0105

277 352 2107 115 Yojiro Takahagi (- -, Takahagi Yojiro), né le 2 août 1986

267 467 2075 112 à Iwaki au Japon, est un footballeur japonais. Il

258 569 2000 124 évolue au poste de milieu défensif à l'Albirex

260 687 978 150 Niigata Singapour FC.

260 795 2011 121 Nak-o nad Noteci- (en allemand : Nakel) est une

271 920 2135 97 ville de la voïvodie de Couïavie-Poméranie, dans

269 1023 1915 132 le centre-nord de la Pologne, et le chef-lieu du

288 1136 1926 114 powiat de Nak-o. Sa population s'élevait à

278 1261 1096 99 19 294 habitants en 2012.

278 1367 2156 159 Yordan Kamdzhalov (en bulgare, cyrillique : - -, en bulgare,

261 1470 1980 163 glagolitique : - -) est un chef d'orchestre bulgare.

280 1582 2051 121 Black Nite Crash est une chanson du groupe anglais

280 1713 1978 104 Ride, parue en single en février 1996, un mois

251 1812 2044 120 avant la sortie de l'album Tarantula. La chanson

255 1937 1944 118 a atteint la 67e place du UK Singles Chart. Le

264 2054 2107 118 single a été publié peu de temps avant la sépa-

253 2164 2093 124 ration du groupe et désigné "single of the week" par

249 2278 1688 129 l'hebdomadaire musical Melody Maker.
