2550 3300
291 225 1769 133 Nom de référence: imp_wikitexte_0230

295 361 2066 99 (30899) 1993 FL32 est un astéroïde de la ceinture

321 459 1788 129 principale d'astéroïdes découvert en 1993.

327 583 2144 129 David Ospina Ramírez, plus couramment appelé

321 698 2044 99 David Ospina, né le 31 août 1988 à Medellín en

332 800 1901 113 Colombie, est un footballeur international

321 921 2162 99 colombien, évoluant au poste de gardien de but

308 1022 1895 116 à Al-Nassr FC. Il possède également la

310 1149 1896 107 nationalité française depuis juin 2014.

324 1243 2162 145 Orozgan, Orozgân ou Oruzgan est une province

321 1369 1978 110 du centre de l'Afghanistan. Sa capitale est

339 1485 1990 108 Tarin Kôt. Deux Nigauds dans le manoir

332 1597 1981 108 hanté (The Time of Their Lives) est un film

332 1720 2098 100 américain réalisé par Charles Barton, sorti

335 1828 1937 108 en 1946, avec Bud Abbott et Lou Costello

338 1944 2049 131 Pierre-François Beaumont est un graveur

338 2059 2115 119 à la pointe et au burin français, né en 1719,

341 2169 2030 113 et mort après 1777, probablement à Paris.

316 2262 1980 127 L'Observatoire français des conjonctures

321 2396 1857 109 économiques (OFCE) est un organisme

306 2508 1844 111 français indépendant de recherche, de

305 2609 1876 127 prévision et d'évaluation des politiques

295 2729 2100 118 publiques au sein de la Fondation nationale

311 2846 2103 118 des sciences politiques (Institut d'études

304 2952 1002 113 politiques de Paris).
