2550 3300
376 354 1989 102 Nom de la référence: imp_wikitexte_285

379 586 1657 96 La Chapelle-sur-Aveyron est une

357 698 1796 106 commune française, située dans le

335 823 1987 86 département du Loiret en région Centre-

363 929 589 95 Val de Loire.

352 1047 2002 94 Hercegovac est un village et une muni -

335 1155 1917 101 cipalité située dans le comitat de

377 1274 1949 91 Bjelovar-Bilogora, en Croatie. Au

371 1388 1994 91 reconsement de 2001 , la municipali -

376 1486 1878 109 té comptait 2791 habitants, dont

326 1595 1868 110 86 ,92 % de Croates et 9,60 % de

368 1721 1783 113 tchèques ; le village seul comptait

385 1834 762 99 1267 habitants.

346 1947 1982 100 Aleksander Walmann -sg-rden (né

343 2068 1879 93 le 12 janvier 1986 à Porsgrunn),

349 2175 1854 99 connu sous le nom Aleksander

354 2291 2030 94 Walmann, est un chanteur norvé-

365 2400 1967 116 gien. Il représente la Norvège lors

382 2508 2016 110 du concours Eurovision de la chan-

361 2632 2016 94 son 2017 avec Grab le Moment, une

376 2736 1109 110 chanson de JOWST.
