2550 3300
1656 73 593 86 imp_wikitexte_0176

188 348 2044 128 La Honda GL est un modèle de moto commercialisé par Honda,

194 458 1937 125 faisant partie de la série des Gold Wing apparue en 1975, avec la

190 557 1916 149 1000 à quatre cylindres. Ces modèles ont été fabriqués par

190 672 1906 145 Honda au Japon de 1974 à 1980 puis sur le territoire des

187 766 1952 187 États-Unis à Marysville (Ohio) (1980-2009) puis au Japon

177 940 938 114 à Kikuchi, Kumamoto (2011-).

177 1034 1954 163 Cerasophila est un genre monotypique de passereaux de la

188 1169 2116 136 des Pycnonotidae. Il comprend une seule espèce de bulbuls.

194 1309 2134 141 Le Mouvement chrétien de libération, en espagnol Movimiento

203 1437 2044 132 Cristiano Liberación ou MCL,  est une organisation politique

201 1551 1897 115 cubaine opposée au gouvernement communiste. Le

207 1639 1963 139 Mouvement a été créé en 1988 par des militants catholiques

194 1739 1873 179 dont Oswaldo Payá Sardiñas qui en assure la direction

203 1852 1928 175 jusqu’à sa mort en 2012. Eduardo Cardet lui succède alors.

194 1966 1924 198 Oliver Charles Harvey (26 novembre 1893-29 novembre 1968)

199 2087 1628 168 est un fonctionnaire et diplomate britannique.
