2550 3300
1598 233 764 119 imp_wikitexte_307

315 454 1941 138 Juda Goslinga, né en 1971 aux Pays-Bas, est

308 574 1873 108 un acteur néerlandais. Seras-tu là ? est une

291 693 1985 106 chanson écrite, composée et interprétée par Michel

283 803 2013 112 Berger. Sortie en 1975, elle est extraite de l'album

278 916 1862 121 Que l'amour est bizarre et parue en single la

275 1025 1977 124 même année. Le chanteur retranscrit son angoisse

275 1141 2079 132 de séparation, engendrée par une séparation douloureuse,

286 1254 1961 110 dans cette chanson. À travers celle-ci, il demande à

277 1382 2041 128 sa compagne Véronique Sanson si elle le suivra [source

275 1482 2063 121 insuffisante], et évidemment si elle sera toujours présente

288 1600 2028 107 pour lui [source insuffisante]. Mais cette dernière avait

284 1712 2044 115 déjà quitté l'artiste à cette période. Elle lui répondra

280 1823 1337 107 avec une chanson nommée Je serai là.

284 1945 1913 108 Dangerous Housewife (Home Sweet Hell) est une comédie

277 2051 1882 121 américaine réalisée par Anthony Burns, écrite par

277 2161 2019 118 Carlo Allen, Ted Elrick, et Tom Lavagnino, sortie en

286 2284 1920 106 2015. Les acteurs principaux sont Patrick Wilson,

286 2399 1919 110 Katherine Heigl, Jordana Brewster, Kevin McKidd, Jim

288 2502 1601 132 Belushi, A. J. Buckley et Bryce Johnson.
