2550 3300
275 272 2151 169 Le Sandeidfjorden (en anglais : Sandeid Fjord),,

253 472 1908 111 est un fjord situé dans la municipalité

258 597 2106 195 de Vindafjord, dans le comté de Rogaland, en

267 730 1818 175 Norvège. Le village de Sandeid se trouve

288 852 2030 213 à l’extrémité nord du fjord et le village

308 1036 1832 167 de Vikedal se trouve sur la rive est,

310 1130 1568 198 près de l’embouchure du fjord,.

228 1289 1931 174 Hashim Saleh, de son nom complet Hashim Saleh

203 1430 1926 176 Mohamed Al-Balushi (arabe : - -), est un footballeur

198 1562 1727 181 omanais, né le 15 o>< ctobre 1981 en Oman.

184 1674 2024 271 Miguel Gomes est un réalisateur portugais

170 1801 1673 245 né le 20 février 1972 à Lisbonne.

165 1930 1953 292 Double Identity (Fake Identity) est un film

132 2123 2294 319 américain réalisé par Dennis Dimister-Denk

121 2293 2244 278 sorti directement en vidéo le 1er juin 2010.

121 2433 1999 278 Louis-Marie Quicherat (1799-1884) est un

150 2612 2225 246 latiniste français, notamment connu pour

151 2761 2187 277 être l’auteur de deux dictionnaires bilingues

132 2918 2258 220 latin. Margarita Fischer ou Fisher est une actrice

123 3038 2314 187 américaine née le 12 février >a< 1886  Missouri Valley, Iowa

16 3159 2514 124 (États-Unis), morte le 11 mars 1975 à Encinitas >< (Californie).

1634 20 782 91 imp_wikitexte_0168
