2550 3300
297 242 1889 115 Le terthiphène est un composé organique,

295 350 2166 115 oligomère du thiophène, de formule [C4H3S]2C4H2S.

297 456 1997 129 Il fait partie des semi-conducteurs organiques.

310 572 2080 144 L'index de biodiversité urbaine, également dit index

288 689 2082 126 de Singapour (IS pour les francophones ou SI pour

283 805 2112 176 les anglophones) ou encore "City Biodiversity Index"

284 936 2106 112 ou CBI pour les anglophones, est un indica-

291 1032 2029 113 teur (outil d'auto-évaluation) spécialement

267 1149 2073 103 construit pour "aider les villes à suivre et évaluer

260 1259 2015 112 leurs efforts de conservation de la biodiversité".

299 1369 2172 163 Katogué est une localité du département de Guégué-

288 1482 2129 124 ré, dans la province d’Ioba (région du Sud-Ouest)

289 1596 2161 112 au Burkina Fas>s< o. En 2006, cette localité comptait

284 1712 1535 110 514 habitants dont 51,6% de femmes.

271 1824 1963 117 L'équipe de Monaco de basket-ball est la sélection

256 1933 2202 122 des meilleurs joueurs monégasques. La formation ne

255 2058 2067 129 participe pas aux tournois organisés par la FIBA

267 2158 1862 130 Europe mais représente régulièrement la

255 2281 2001 148 principauté aux Jeux des petits États d'Europe.

271 2380 2079 133 Judy Gold est une actrice, scénariste, productrice

260 2511 2123 94 et compositeur américaine née le 15 novembre 1962

288 2618 1994 121 à Newark dans le New Jersey (États-Unis).

1204 2849 985 101 imp_wikitexte_0146
