2550 3300
291 223 1227 103 Nom de référence : imp_wikitexte_0156

300 458 1974 101 Roberts Uldri-is, né le 3 avril 1998 à Riga en Lettonie, est un

308 574 2032 110 footballeur international letton qui évolue au poste d'attaquant au

308 693 1942 96 SC Cambuur. Daniel-Élie-Julien Wallard, né le 15 juillet 1913 à

291 814 2082 95 Aibes et mort le 18 janvier 1983 à Touques, est un pharmacien, critique

286 924 2020 95 d’art, collectionneur et photographe. Les femmes s’exposent est un

295 1043 2036 99 festival consacré aux femmes photographes professionnelles créé en

286 1153 1244 86 2018. Il a lieu à Houlgate en Normandie.

288 1266 2049 98 La raffinerie de Yeosu est en 2014 la 4e plus importante raffinerie

286 1382 2042 93 de pétrole au monde. Sa capacité de raffinage s'élève à 775 000 barils par

291 1496 1958 91 jour. Elle est située en Corée du Sud dans la ville de Yeosu et est

291 1595 1898 104 exploitée par GS Caltex, une coentreprise entre Chevron et GS Group.

288 1725 1935 84 Jean Minisini, né le 3 mars 1923 à Dun-sur-Meuse et mort le 21

313 1834 1846 88 septembre 2006 à Paris, est un acteur et cascadeur français.

299 1944 2017 93 Henry Franklin Winkler est un acteur, producteur et réalisateur

280 2064 1272 82 américain né le 30 octobre 1945 à New York.
