2550 3300
1485 245 802 86 imp_wikitexte_0097

264 346 2137 118 Galila Tamaran (ou Tamruhan) al-Habashiya : - - / ALA-LC:

297 463 2109 118 Jal-lah Tamarh-n; décédée en 1863) était une femme

271 581 2047 102 medecin dans la province ottomane d'Égypte au

297 711 550 88 XIXe siècle.

273 801 1999 121 Le bureau du Cabinet (-, Naikaku-Fu) est une agence

266 914 2052 123 du gouvernement du Japon. Il est responsable de

275 1032 1948 121 la gestion des affaires courantes. Le bureau du

295 1145 2113 125 Cabinet est officiellement dirigé par le Premier

295 1261 2086 115 ministre, qui est secondé par trois vice-Premiers

280 1375 2261 126 ministres (fuku-Daijin) et trois secrétaires (daijin Seimukan)

306 1492 1739 119 Portail du Japon   Portail de la politique

302 1607 1996 109 Gareth Paul Gates est un chanteur britannique,

316 1707 2071 141 né>< le 12 juillet 1984 à Bradford (West Yorkshire)

339 1838 2033 112 Jules Tissot est un biologiste français, né le 17 fevier

348 1948 1994 112 1870 à Besançon et mort le 17 juin 1950 à Paris

366 2168 1864 134 Josh Harrellson, né le 12 février à Saint Charles

357 2302 1771 110 dans le Missouri, est un joueur américain de

344 2412 1923 107 basket-ball. Il mesure 2,08 m et a été formé à

352 2521 1961 130 Kentucky. Harrellson évolue au poste de pivot.
