2550 3300
283 335 1513 110 Nom de reférence : imp_wikitexte_0147

264 552 2032 124 Les Quarante Jours du Musa Dagh est un roman français

269 669 2003 130 de Franz Werfel paru en 1933. Marcilly-sur-Tille est

266 772 2054 157 une commune française située dans le département de la

266 882 1792 153 Côte-d'Or, en région Bourgogne-Franche-Comté.

271 1101 1820 154 Son nom serait d'origine celtique et signifierait

269 1244 2156 109 « Une habitation au bord de l'eau » ou « Un lieu retranché »

261 1353 2090 134 (« Mar » - Long, « Il » - Bord, « y » - Habitation). La South

262 1453 2018 132 Armagh Republican Action Force (en français : « Groupe

264 1578 2068 116 d'action républicain nord-irlandais actif dans le comté

258 1690 2273 126 d'Armagh en 1975 durant le conflit nord-irlandais. Il est souvent

266 1811 1994 110 considéré comme un nom d'emprunt de l'IRA provisoire.

255 1930 2264 116 Le 1er septembre 1975, le groupe tire sur >5< cinq ou six ><s

278 2036 2094 120 protestants près de Newtownhamilton, devant un bâtiment

262 2145 2124 130 de l'Ordre d'Orange, le Tullyvallen Orange Hall, peut-être

255 2266 2111 162 en représailles à l'assassinat de catholiques à Belfast.
