2550 3300
1871 34 546 88 imp_wikitexte_0127

286 240 1952 108 Empire Earth II: The Art of Supremacy est une extension du jeu vidéo

289 355 1839 96 de stratégie en temps réel Empire Earth II développé par Mad Doc

284 469 1961 101 Software et publié par Vivendi Games le 15 février 2006. The Art

293 586 1781 92 of Supremacy introduit un certain nombre de nouveauté dont

300 693 1892 108 notamment quatre nouvelles factions - les Maasaï, les Zoulous,

295 810 1963 99 la France et la Russie - et trois nouvelles campagnes se focalisant

289 920 1916 108 respectivement sur les Guerres napoléoniennes, l’Égypte antique

286 1036 1163 99 et sur le futur du peuple Maasaï,,.

291 1145 1981 114 Ra-l Banfi (né le 14 novembre 1914 à Montevideo en Uruguay

289 1265 1963 100 et mort le 25 juin 1995) est un joueur de football uruguayen,

295 1386 1110 88 qui évoluait au poste d'attaquant.

291 1485 1998 113 Soupçons de mort (italien : Quando Alice ruppe lo specchio) est

295 1602 2023 101 un film d'horreur écrit et réalisé par Lucio Fulci, sorti en 1988.

293 1717 1866 105 Kawasaki Shoko est un peintre japonais des XIXe et XXe

293 1835 1778 102 siècles, né en 1886 à Gifu, mort en 1977 à Tokyo.
