2550 3300
335 239 691 96 IMP_wikitexte_033

291 352 2019 118 Ramón Carnicer i Batlle est un compositeur et pédagogue

302 467 2099 110 espagnol, né à Tàrrega le 24 octobre 1789 et mort à Madrid

313 580 594 99 le 17 mars 1855.

302 702 2013 104 Gatewood Township est un ancien township, situé dans le

313 816 1711 91 comté de Ripley, dans le Missouri, aux États-Unis.

302 924 1920 99 Le township est baptisé en référence à la communauté de

295 1041 2051 99 Gatewood (en), elle même nommée à la mémoire de Richard

324 1158 890 97 Gatewood, un pionnier.

310 1256 1915 125 John Gimson, né le 11 mars 1983 à Leicester, est un

332 1383 1813 91 skipper britannique, évoluant notamment avec sa

346 1496 1876 93 compatriote Anna Burnet en multicoque Nacra 17

335 1611 1791 91 avec qui il a remporté de nombreuses médailles

368 1713 575 96 internationales.

332 1826 2011 118 Le clan Minamoto (-, Minamoto-uji) fut un des quatre

346 1947 2008 115 clans qui dominèrent la politique du Japon durant

368 2057 1697 99 l'ère >< Heian, les trois autres étant les

354 2167 1978 112 Fujiwara, les Taira et les Tachibana. « Genji » (-) est

357 2285 2014 110 l'autre nom du clan Minamoto, d'après la prononciation

354 2409 2014 104 alternative des caractères chinois pour Minamoto (gen) et

330 2519 591 107 ji, ou « clan »
