2550 3300
177 351 1261 113 Nom de référence: imp_wikitexte_0201

176 473 2241 135 L'Échelet roux (Climacteris rufus) est une espèce de passereaux de la

181 580 1001 114 famille des Climacteridae.

210 694 2158 130 Manfred Linzmaier, né le 27 août 1962 à Kufstein (Autriche), est

209 810 2082 115 un footballeur autrichien, qui évoluait au poste de milieu de

198 909 2106 128 terrain au FC Wacker Innsbruck et en équipe d'Autriche.

181 1034 2053 165 Linzmaier a marqué deux buts lors de ses vingt-cinq

166 1155 2081 115 sélections avec l'équipe d'Autriche entre 1985 et 1991.

168 1290 2174 136 Iouri Pavlovitch Karandine - en russe - - - et en anglais Yuri

150 1397 2236 112 Karandin - (né le 22 mars 1937 en URSS) est un ancien arbitre

144 1519 2255 128 puis dirigeant de hockey sur glace soviétique. Il a été admis

121 1637 2162 151 au Temple de la renommée de l'IIHF et au Temple de la

115 1738 1479 134 renommée du hockey russe en 2004.

144 1897 2202 116 Paul-Honoré Fritel, né à Évreux le 19 août 1867 et mort

132 2007 2207 139 à Paris le 7 août 1927, est un paléobotaniste français.

122 2141 2273 133 Robert Beyer est un ingénieur du son et compositeur allemand

104 2251 2018 123 né en 1901 à Wittlich et mort en 1989 à Düsseldorf.
