2550 3300
220 253 1826 170 Nom de référence : imp_wikitexte_0184

190 511 2143 158 La diméthénamide est un herbicide de la

203 696 2277 121 famille des chloroacétamides. Il a été développé

220 856 739 126 par BASF AG.

192 902 2341 228 Il n'est plus inscrit à l'Annexe I (depuis 2006)

198 1064 1892 212 mais a été remplacé par un isomère le

192 1226 1758 179 diméthénamide-p (inscrit en 2004).

206 1303 2316 259 On l'utilise à des doses de 1 440 g/ha (Springbok,

181 1526 1485 162 Dakota-P, Isard, Spectrum, ...)

184 1608 2214 231 Chicken Jitters est un cartoon réalisé par Bob

192 1798 1210 162 Clampett, sorti en 1939.

203 1911 1326 198 Il met en scène Porky Pig.

187 2016 2190 235 Cet article présente les faits marquants

184 2216 1375 160 de l'année 1518 en science.

170 2270 2203 265 Le Haras de Tersk est un haras russe créé

187 2444 2269 218 en 1921 sur les terres du com<>te Sergueï

201 2577 2262 229 Alexandrovitch Stroganov, sur ordre du

211 2741 2231 204 Maréchal Semion Boudienny. Ce haras

198 2860 2222 192 est destiné à restaurer la population de

190 3006 2295 152 chevaux russes, qui a subi de lourdes pertes

238 3151 1433 108 pendant la révolution russe.
