2550 3300
1981 22 535 100 wikitexte_0087

277 234 2078 118 La Roux est un duo anglais d'electropop fondé par

275 350 1902 104 Elly Jackson (chanteuse et claviériste) et Ben

271 463 1772 110 Langmaid (coauteur et coproducteur). Ils

280 583 1932 115 revendiquent des influences parmi les groupes

284 696 1844 107 des années 1980 comme Depeche Mode, Yazoo,

280 806 1910 110 Erasure, Tears for Fears, The Human League,

273 925 1946 99 Heaven 17, Blancmange, ou des chanteuses des

275 1039 2084 125 années 1980 aux années 2000 tels que Madonna

297 1156 838 85 ou Jenny Wilson.

269 1250 1980 119 Le premier album studio de >< La Roux, La Roux,

269 1382 1886 90 est sorti en 2009. Début 2012, en raison de

273 1488 2051 110 désaccords artistiques, Ben Langmaid décide de

277 1602 1797 114 quitter le groupe, laissant Elly Jackson

269 1717 1959 94 terminer seule le second album studio de

271 1826 1968 106 La Roux, Trouble in Paradise, sorti en 2014.

278 1947 1787 93 Elly >Jackon< Jackson participera à trois

275 2057 1975 106 morceaux de l'album Music Complete de New

273 2178 1251 84 Order, sorti à l'automne 2015.

271 2291 2069 85 E.P. Evers (de son vrai nom Ernest Evers) est un

269 2393 2167 115 acteur et scénariste américain né le 11 septembre

275 2499 1851 110 1874 à Villa Ridge (Illinois) et décédé le

275 2623 1755 143 22 juillet 1945 à Los Angeles (Californie).
