<?xml version="1.0" encoding="UTF-8"?>
<alto xmlns:xsi="http://www.w3.org/2001/XMLSchema-instance"
      xmlns="http://www.loc.gov/standards/alto/ns-v4#"
      xsi:schemaLocation="http://www.loc.gov/standards/alto/ns-v4# http://www.loc.gov/standards/alto/v4/alto-4-2.xsd">
  <Description>
    <MeasurementUnit>pixel</MeasurementUnit>
    <sourceImageInformation>
      <fileName>imp_wikitexte_0170.jpg</fileName>
    </sourceImageInformation>
  </Description>
  <Tags>
    <OtherTag ID="BT1" LABEL="Title" DESCRIPTION="block type Title"/><OtherTag ID="BT2" LABEL="Main" DESCRIPTION="block type Main"/><OtherTag ID="BT3" LABEL="Commentary" DESCRIPTION="block type Commentary"/><OtherTag ID="BT4" LABEL="Illustration" DESCRIPTION="block type Illustration"/><OtherTag ID="BT114" LABEL="text" DESCRIPTION="block type text"/>
    <OtherTag ID="LT114" LABEL="default" DESCRIPTION="line type default"/>
  </Tags>
  <Layout>
    <Page WIDTH="2550"
          HEIGHT="3300"
          PHYSICAL_IMG_NR="0"
          ID="eSc_dummypage_">
      <PrintSpace HPOS="0"
                  VPOS="0"
                  WIDTH="2550"
                  HEIGHT="3300">
        <TextBlock HPOS="330"
                   VPOS="337"
                   WIDTH="2109"
                   HEIGHT="2279"
                   ID="eSc_textblock_e9f25a60"
                   TAGREFS="BT114">
          <Shape><Polygon POINTS="354 337 1610 381 1662 410 1707 491 2175 520 2271 550 2366 777 2366 841 2285 894 2227 988 1977 1061 2212 1136 2285 1232 2293 1362 2197 1406 1845 1450 2278 1554 2337 1591 2353 1642 2432 1664 2439 1736 2403 1780 2234 1833 2271 1928 2285 2176 2417 2229 2432 2258 2425 2432 2359 2564 1071 2535 953 2550 856 2616 337 2601 352 1004 330 432 354 337"/></Shape>
          <TextLine ID="eSc_line_54f89b31"
                    TAGREFS="LT114"
                    BASELINE="350 407 801 414 1645 447" 
                    HPOS="348"
                    VPOS="350"
                    WIDTH="1297"
                    HEIGHT="117">
            <Shape><Polygon POINTS="348 418 361 427 363 427 365 427 366 427 454 423 465 432 467 432 469 432 471 432 473 432 510 419 513 419 517 419 570 436 572 436 574 436 576 436 609 425 610 423 610 425 623 434 623 436 625 436 627 436 629 436 669 430 678 438 678 440 680 440 682 440 684 440 790 432 812 430 1036 438 1051 441 1104 454 1106 454 1251 451 1317 449 1337 454 1372 463 1374 463 1375 463 1432 458 1482 452 1500 460 1511 465 1513 465 1515 467 1643 467 1645 447 1645 414 1577 396 1575 396 1574 396 1572 396 1542 408 1541 408 1524 399 1522 399 1520 399 1460 405 1432 407 1427 403 1407 385 1405 385 1403 385 1401 385 1399 385 1366 399 1361 403 1357 399 1341 385 1341 383 1339 383 1337 383 1267 379 1265 379 1263 379 1218 392 1203 397 1196 392 1194 390 1194 388 1192 388 1190 388 1188 388 1186 388 1185 388 1183 390 1172 397 1113 397 1098 386 1086 377 1084 377 1082 377 1080 377 1078 377 1076 377 1065 385 1060 388 1014 386 1010 383 997 372 996 372 994 372 992 372 990 372 988 372 977 381 964 390 891 390 853 375 838 370 836 370 834 370 810 374 783 377 759 370 740 350 721 350 656 359 654 359 653 359 631 364 581 377 561 361 555 355 554 355 552 355 517 355 515 355 513 355 506 359 471 374 420 353 407 350 405 350 403 350 350 350 350 407"/></Shape>
	    <String CONTENT="Nom de référence : imp_wikitexte_0170"
                    HPOS="348"
                    VPOS="350"
                    WIDTH="1297"
                    HEIGHT="117"></String>
          </TextLine>
          <TextLine ID="eSc_line_71e4b307"
                    TAGREFS="LT114"
                    BASELINE="372 546 1177 551 1678 579 2254 590" 
                    HPOS="370"
                    VPOS="482"
                    WIDTH="1884"
                    HEIGHT="151">
            <Shape><Polygon POINTS="370 553 414 570 416 570 418 570 420 570 473 555 475 555 640 557 645 559 730 573 731 573 733 573 757 562 761 561 1286 570 1311 575 1427 599 1429 599 1430 599 1473 583 1647 601 1649 601 1742 590 1794 606 1855 633 1915 608 1917 608 1918 608 1944 597 1975 610 1977 610 2197 612 2199 612 2252 599 2254 590 2254 548 2038 542 2034 539 1977 513 1975 513 1973 513 1972 513 1896 535 1885 539 1796 539 1729 537 1717 528 1706 520 1704 520 1702 520 1700 520 1698 520 1685 528 1673 535 1632 535 1614 524 1603 518 1601 518 1599 518 1597 518 1585 524 1574 528 1559 522 1517 506 1515 506 1513 506 1434 518 1407 522 1388 517 1350 504 1348 504 1346 504 1344 504 1308 513 1263 526 1230 513 1229 513 1227 513 1155 520 1137 507 1120 496 1119 496 1117 496 1115 496 1113 496 1082 506 1040 518 1014 504 1001 495 999 495 997 495 996 495 961 502 924 509 912 494 876 491 875 491 873 491 871 491 849 498 827 490 814 496 807 491 805 491 803 491 651 487 649 487 647 487 645 487 642 491 614 506 561 487 554 485 552 485 495 484 493 484 491 484 489 484 487 485 460 502 429 484 427 484 425 484 372 482 372 546"/></Shape>
	    <String CONTENT="La Mer des histoires est une adaptation en moyen français"
                    HPOS="370"
                    VPOS="482"
                    WIDTH="1884"
                    HEIGHT="151"></String>
          </TextLine>
          <TextLine ID="eSc_line_0d02960b"
                    TAGREFS="LT114"
                    BASELINE="368 665 2293 705" 
                    HPOS="363"
                    VPOS="605"
                    WIDTH="1928"
                    HEIGHT="156">
            <Shape><Polygon POINTS="363 673 638 706 885 706 921 690 1185 715 1262 698 1391 715 1633 704 1744 704 1785 726 1997 720 2172 761 2288 726 2291 704 2291 668 1906 660 1848 635 1840 635 1790 654 1735 632 1600 629 1592 629 1576 643 1559 629 1441 640 1287 624 1279 624 1259 640 1199 627 1177 629 1136 640 1059 621 1004 638 921 638 883 613 855 618 830 629 792 613 783 613 748 632 618 610 610 610 588 624 522 607 503 607 478 624 459 605 365 605 365 662"/></Shape>
	    <String CONTENT="du Rudimentum novitiorum d&#x27;Usuard. Son auteur, anonyme,"
                    HPOS="363"
                    VPOS="605"
                    WIDTH="1928"
                    HEIGHT="156"></String>
          </TextLine>
          <TextLine ID="eSc_line_b037dec1"
                    TAGREFS="LT114"
                    BASELINE="374 786 585 797 2351 814" 
                    HPOS="374"
                    VPOS="738"
                    WIDTH="1977"
                    HEIGHT="98">
            <Shape><Polygon POINTS="374 786 374 808 497 808 500 810 510 817 511 817 513 817 515 817 548 810 550 810 568 819 570 819 572 819 792 814 875 812 886 815 911 823 913 823 915 823 970 815 992 814 1021 817 1082 825 1084 825 1133 819 1163 815 1311 821 1496 828 1498 828 1577 825 1673 821 1689 826 1700 830 1702 830 1704 830 1720 826 1748 821 1761 828 1766 830 1768 830 1770 830 1792 828 1838 823 1849 828 1852 832 1854 832 1856 832 1983 834 1984 834 2028 832 2120 826 2234 834 2256 836 2258 836 2260 836 2263 836 2298 826 2348 836 2351 814 2351 775 2307 757 2306 757 2304 757 2302 757 2245 773 2228 777 2043 777 2028 770 2001 755 1999 755 1997 755 1995 755 1959 768 1939 773 1913 766 1871 755 1869 755 1867 755 1865 755 1841 766 1823 773 1788 764 1740 751 1739 751 1737 751 1735 751 1700 762 1671 771 1625 760 1610 759 1608 759 1607 759 1601 760 1583 771 1511 771 1487 759 1484 757 1482 757 1480 757 1478 757 1473 759 1430 770 1383 757 1350 748 1348 748 1346 748 1284 755 1262 757 1258 755 1245 746 1243 746 1241 746 1240 746 1238 746 1221 753 1199 764 1146 766 1111 751 1098 746 1097 746 1095 746 1093 746 1073 751 1056 755 1047 749 1038 744 1036 744 1034 744 988 744 986 744 985 744 975 749 957 759 906 748 886 744 884 744 882 744 875 748 843 764 731 764 684 746 682 746 680 746 678 746 642 755 618 742 616 742 614 742 612 742 576 762 541 762 508 740 506 740 504 740 502 740 500 740 486 748 374 738 374 786"/></Shape>
	    <String CONTENT="est le chanoine de Mello en Beauvaisis ; il se dit placé sous le"
                    HPOS="374"
                    VPOS="738"
                    WIDTH="1977"
                    HEIGHT="98"></String>
          </TextLine>
          <TextLine ID="eSc_line_b689be35"
                    TAGREFS="LT114"
                    BASELINE="363 905 1691 931 2234 931" 
                    HPOS="361"
                    VPOS="852"
                    WIDTH="1873"
                    HEIGHT="108">
            <Shape><Polygon POINTS="363 905 361 931 436 942 438 942 440 942 460 933 471 925 535 925 552 933 576 946 577 946 579 947 658 947 658 946 660 946 698 935 739 924 867 935 869 935 1038 929 1054 938 1056 938 1058 938 1060 938 1067 938 1122 929 1142 938 1177 955 1179 955 1271 957 1273 957 1275 957 1315 940 1320 938 1324 940 1352 958 1353 958 1355 958 1357 960 1445 960 1445 958 1528 942 1559 936 1572 942 1592 953 1594 953 1596 953 1643 944 1667 938 1676 944 1691 953 1693 953 1695 953 1922 960 1924 960 1926 960 1981 946 1994 944 2230 947 2234 931 2234 898 2117 874 2115 874 2113 874 2073 887 2049 874 2047 874 1983 872 1981 872 1979 872 1977 872 1946 891 1928 881 1926 881 1924 881 1922 881 1920 881 1904 892 1900 892 1762 891 1724 869 1722 869 1678 867 1676 867 1674 867 1632 887 1601 869 1599 869 1597 869 1596 869 1594 869 1559 885 1522 874 1520 874 1518 874 1465 885 1462 885 1452 885 1317 870 1315 870 1313 870 1289 881 1287 881 1208 881 1174 859 1172 859 1170 859 1168 859 1117 870 1097 858 1095 858 1093 858 1032 858 1031 858 1029 858 1005 870 981 856 979 856 977 856 975 856 974 856 908 876 864 854 862 854 860 854 858 854 838 863 794 852 792 852 790 852 788 852 753 861 702 852 700 852 698 852 662 870 517 867 491 852 489 852 487 852 363 867 363 905"/></Shape>
	    <String CONTENT="patronage d&#x27;André de La Haye, seigneur de Chaumont. L&#x27;editio"
                    HPOS="361"
                    VPOS="852"
                    WIDTH="1873"
                    HEIGHT="108"></String>
          </TextLine>
          <TextLine ID="eSc_line_8b396c65"
                    TAGREFS="LT114"
                    BASELINE="372 1021 1223 1039" 
                    HPOS="370"
                    VPOS="968"
                    WIDTH="853"
                    HEIGHT="95">
            <Shape><Polygon POINTS="370 1037 379 1046 379 1048 381 1048 383 1048 385 1048 445 1041 605 1052 607 1052 708 1039 709 1039 713 1039 1069 1063 1071 1063 1170 1061 1172 1061 1174 1061 1185 1050 1207 1063 1208 1063 1210 1063 1212 1063 1214 1063 1214 1061 1221 1052 1223 1039 1221 1006 1159 1004 1144 988 1144 986 1142 986 1141 986 1091 986 1089 986 1087 986 1056 1001 1053 1002 1040 1001 970 986 968 986 966 986 964 986 952 997 914 968 904 988 902 988 900 988 887 995 884 999 880 995 860 980 858 980 856 980 854 980 853 980 809 993 807 993 713 977 711 977 709 977 675 990 665 993 656 990 625 975 623 975 621 975 620 975 581 988 558 974 427 990 421 982 409 973 409 971 407 971 405 971 403 971 401 971 372 980 372 1021"/></Shape>
	    <String CONTENT="princeps est un incunable."
                    HPOS="370"
                    VPOS="968"
                    WIDTH="853"
                    HEIGHT="95"></String>
          </TextLine>
          <TextLine ID="eSc_line_5c8e7d9e"
                    TAGREFS="LT114"
                    BASELINE="379 1129 884 1156 1418 1166 1805 1191 2216 1206" 
                    HPOS="377"
                    VPOS="1072"
                    WIDTH="1839"
                    HEIGHT="160">
            <Shape><Polygon POINTS="379 1129 377 1142 491 1173 493 1173 588 1177 590 1177 592 1177 629 1160 686 1180 687 1180 689 1180 768 1167 814 1186 816 1186 915 1189 917 1189 919 1189 941 1178 992 1186 994 1186 1097 1173 1106 1173 1109 1175 1135 1184 1137 1184 1139 1186 1363 1186 1440 1186 1447 1189 1491 1211 1493 1211 1495 1211 1496 1211 1498 1211 1530 1193 1717 1210 1718 1210 1720 1210 1748 1202 1761 1199 1788 1202 1940 1232 1942 1232 2025 1215 2065 1224 2067 1224 2069 1224 2111 1217 2124 1215 2131 1219 2157 1230 2159 1230 2161 1230 2212 1221 2216 1206 2216 1171 2159 1145 2157 1145 2155 1145 2153 1145 2115 1164 2091 1155 2089 1155 2087 1155 2008 1160 1988 1160 1977 1158 1931 1145 1929 1145 1928 1145 1926 1145 1906 1153 1849 1131 1847 1131 1845 1131 1843 1131 1810 1142 1783 1129 1781 1129 1779 1129 1777 1129 1731 1145 1717 1149 1656 1140 1623 1136 1621 1136 1619 1136 1614 1138 1601 1144 1588 1136 1561 1120 1559 1120 1557 1120 1555 1120 1500 1131 1445 1114 1443 1114 1337 1111 1335 1111 1333 1111 1309 1122 1306 1122 1223 1107 1221 1107 1219 1107 1199 1116 1172 1127 1122 1123 1100 1111 1080 1100 1078 1100 1076 1100 1043 1107 990 1120 961 1120 933 1101 930 1098 928 1098 926 1098 924 1098 922 1098 915 1100 876 1114 851 1096 842 1090 840 1090 838 1090 765 1087 728 1087 726 1087 724 1087 719 1090 686 1107 669 1096 667 1096 665 1096 664 1096 662 1096 638 1105 497 1101 440 1074 438 1074 436 1074 381 1072 379 1129"/></Shape>
	    <String CONTENT="Mrzyg-ody Lubyckie est une localité polonaise de la gmina de"
                    HPOS="377"
                    VPOS="1072"
                    WIDTH="1839"
                    HEIGHT="160"></String>
          </TextLine>
          <TextLine ID="eSc_line_4c88da6f"
                    TAGREFS="LT114"
                    BASELINE="387 1259 854 1287 1247 1288 2284 1327" 
                    HPOS="382"
                    VPOS="1196"
                    WIDTH="1901"
                    HEIGHT="165">
            <Shape><Polygon POINTS="2263 1265 2263 1262 2252 1262 2230 1273 2214 1259 2200 1259 2173 1284 2140 1284 2115 1256 2101 1256 2071 1278 2008 1278 1991 1262 1991 1259 1840 1270 1774 1245 1766 1245 1716 1265 1647 1240 1389 1229 1290 1248 1207 1223 1103 1243 1050 1218 1042 1218 1006 1237 990 1223 768 1220 712 1210 517 1221 385 1196 385 1256 382 1270 511 1300 519 1300 539 1287 621 1298 646 1281 779 1330 998 1314 1020 1298 1031 1306 1031 1309 1232 1303 1257 1325 1257 1328 1460 1311 1479 1325 1672 1325 1694 1344 1758 1361 1829 1325 1867 1342 1933 1331 1950 1331 1986 1333 2145 1353 2181 1342 2217 1358 2280 1344 2283 1325 2283 1281"/></Shape>
	    <String CONTENT="Horyniec-Zdrój, située dans le powiat de Lubaczów en voïvodie des"
                    HPOS="382"
                    VPOS="1196"
                    WIDTH="1901"
                    HEIGHT="165"></String>
          </TextLine>
          <TextLine ID="eSc_line_20af3d78"
                    TAGREFS="LT114"
                    BASELINE="394 1387 893 1398" 
                    HPOS="392"
                    VPOS="1331"
                    WIDTH="501"
                    HEIGHT="115">
            <Shape><Polygon POINTS="392 1398 418 1415 420 1415 421 1415 423 1415 491 1402 638 1402 660 1419 662 1419 664 1419 665 1419 702 1415 713 1428 726 1426 746 1446 796 1415 840 1424 842 1424 843 1424 891 1406 893 1398 891 1364 818 1358 794 1340 792 1340 790 1340 788 1340 787 1340 785 1340 768 1354 763 1360 746 1353 739 1351 737 1351 735 1351 733 1351 728 1353 708 1358 698 1351 687 1340 687 1338 686 1338 684 1338 682 1338 642 1340 640 1340 638 1340 638 1342 632 1345 621 1356 577 1343 576 1343 574 1343 500 1354 454 1334 451 1332 449 1332 394 1331 394 1387"/></Shape>
	    <String CONTENT="Basses-Carpates."
                    HPOS="392"
                    VPOS="1331"
                    WIDTH="501"
                    HEIGHT="115"></String>
          </TextLine>
          <TextLine ID="eSc_line_976324b3"
                    TAGREFS="LT114"
                    BASELINE="377 1497 627 1496 777 1514 1618 1560 1841 1589 2311 1631" 
                    HPOS="376"
                    VPOS="1430"
                    WIDTH="1935"
                    HEIGHT="216">
            <Shape><Polygon POINTS="2168 1565 2166 1563 2159 1547 2150 1552 2148 1552 2119 1537 2010 1552 1990 1552 1986 1552 1953 1536 1951 1536 1950 1536 1948 1536 1915 1547 1913 1547 1911 1547 1887 1530 1885 1530 1884 1530 1882 1530 1821 1540 1812 1541 1808 1540 1775 1516 1773 1516 1772 1516 1770 1516 1768 1516 1706 1532 1669 1508 1667 1508 1665 1508 1663 1508 1607 1519 1564 1503 1563 1503 1469 1497 1467 1497 1465 1497 1425 1514 1419 1516 1414 1512 1379 1490 1377 1490 1375 1490 1374 1490 1286 1503 1275 1505 1269 1503 1225 1481 1223 1481 1221 1481 1219 1481 1185 1497 1177 1501 1166 1496 1135 1481 1133 1481 1131 1481 1071 1488 1032 1468 1031 1468 1029 1468 1027 1468 974 1483 972 1483 941 1463 939 1463 937 1463 935 1463 873 1470 849 1457 847 1457 845 1457 843 1457 814 1472 801 1477 777 1470 717 1450 715 1450 713 1450 711 1450 682 1463 654 1448 653 1448 651 1448 649 1448 612 1459 601 1461 587 1457 568 1450 566 1450 565 1450 515 1452 495 1452 486 1450 423 1430 421 1430 420 1430 418 1430 379 1439 377 1497 376 1507 423 1519 425 1519 427 1519 460 1514 480 1510 651 1514 673 1529 695 1543 697 1543 749 1566 834 1552 836 1552 838 1552 869 1543 898 1534 1680 1580 1707 1598 1709 1598 1711 1598 1713 1598 1790 1598 1874 1615 1876 1615 1878 1615 1920 1602 2005 1626 2016 1628 2017 1628 2307 1646 2311 1631 2311 1576 2307 1573"/></Shape>
	    <String CONTENT="Johannes (Jan) Nicolaas van der Waart est un compositeur,"
                    HPOS="376"
                    VPOS="1430"
                    WIDTH="1935"
                    HEIGHT="216"></String>
          </TextLine>
          <TextLine ID="eSc_line_9199ecbe"
                    TAGREFS="LT114"
                    BASELINE="376 1611 1186 1644 1718 1692 2344 1730 2412 1725" 
                    HPOS="374"
                    VPOS="1554"
                    WIDTH="2056"
                    HEIGHT="207">
            <Shape><Polygon POINTS="374 1620 467 1646 469 1646 471 1646 554 1637 698 1650 700 1650 788 1646 823 1646 865 1651 957 1664 1111 1666 1210 1666 1227 1673 1278 1692 1280 1692 1282 1692 1392 1684 1436 1681 1550 1694 1794 1721 1796 1721 1797 1721 1838 1710 1849 1708 1865 1712 1893 1721 1895 1721 1896 1721 1926 1716 1940 1714 1948 1717 1961 1727 1962 1727 1964 1727 1966 1727 1968 1727 1992 1721 2008 1716 2034 1723 2084 1738 2085 1738 2087 1738 2089 1738 2118 1728 2120 1728 2230 1761 2408 1745 2412 1725 2430 1682 2348 1683 2317 1666 2315 1666 2313 1666 2311 1666 2282 1679 2190 1675 2161 1657 2151 1651 2150 1651 2148 1651 2146 1651 2144 1651 2129 1655 2104 1664 2073 1653 2052 1646 2051 1646 2049 1646 2047 1646 2028 1651 1990 1661 1834 1655 1816 1642 1814 1642 1812 1642 1810 1642 1764 1650 1739 1637 1720 1628 1718 1628 1717 1628 1715 1628 1695 1635 1667 1644 1634 1631 1601 1620 1599 1620 1597 1620 1596 1620 1570 1629 1533 1619 1495 1626 1493 1626 1491 1626 1489 1628 1441 1631 1427 1622 1407 1609 1405 1609 1403 1609 1401 1609 1328 1617 1278 1602 1276 1602 1275 1602 1273 1602 1213 1581 1148 1595 1059 1587 1021 1607 994 1602 953 1593 952 1593 950 1593 928 1598 926 1598 891 1580 889 1580 887 1580 886 1580 838 1595 827 1596 779 1595 772 1591 730 1571 728 1571 726 1571 724 1571 686 1582 664 1567 662 1567 660 1567 658 1567 656 1567 618 1582 570 1562 568 1562 566 1562 454 1565 436 1554 434 1554 432 1554 431 1554 429 1554 377 1571 376 1611"/></Shape>
	    <String CONTENT="chef d&#x27;orchestre et musicothérapeute néerlandais né à La Haye le 5"
                    HPOS="374"
                    VPOS="1554"
                    WIDTH="2056"
                    HEIGHT="207"></String>
          </TextLine>
          <TextLine ID="eSc_line_25ccb346"
                    TAGREFS="LT114"
                    BASELINE="372 1732 798 1745" 
                    HPOS="370"
                    VPOS="1686"
                    WIDTH="428"
                    HEIGHT="79">
            <Shape><Polygon POINTS="372 1732 370 1745 381 1754 383 1754 385 1754 554 1760 555 1760 658 1752 671 1763 673 1763 675 1763 676 1763 678 1763 680 1763 680 1761 689 1754 744 1765 746 1765 796 1754 798 1745 798 1708 765 1694 763 1694 675 1690 673 1690 671 1690 643 1705 642 1705 563 1705 563 1703 548 1688 548 1686 546 1686 544 1686 543 1686 541 1686 502 1699 425 1688 423 1688 372 1695 372 1732"/></Shape>
	    <String CONTENT="novembre 1914."
                    HPOS="370"
                    VPOS="1686"
                    WIDTH="428"
                    HEIGHT="79"></String>
          </TextLine>
          <TextLine ID="eSc_line_4d4b9f30"
                    TAGREFS="LT114"
                    BASELINE="374 1844 1104 1873 1755 1939 2247 1970" 
                    HPOS="368"
                    VPOS="1771"
                    WIDTH="1876"
                    HEIGHT="235">
            <Shape><Polygon POINTS="368 1853 398 1870 668 1867 753 1897 761 1897 797 1883 1026 1889 1081 1919 1166 1900 1611 1947 1655 1936 1760 1963 1925 1974 1933 1974 1947 1963 2066 2006 2239 1996 2244 1969 2244 1919 2038 1905 1986 1881 1977 1881 1944 1894 1900 1881 1793 1886 1733 1859 1642 1856 1620 1875 1518 1845 1510 1845 1474 1859 1457 1839 1446 1839 1391 1859 1367 1837 1367 1834 1356 1834 1331 1845 1292 1828 1281 1828 1254 1845 1213 1823 1204 1823 1177 1837 1158 1820 1081 1828 957 1806 949 1806 929 1823 913 1804 902 1804 852 1817 805 1798 797 1798 759 1815 750 1812 717 1790 706 1790 629 1809 495 1779 489 1779 453 1795 431 1771 423 1771 374 1782 371 1842"/></Shape>
	    <String CONTENT="Shabkar Tsogdruk Rangdrol (ou Shabkar Tsokdruk Rangdrol)"
                    HPOS="368"
                    VPOS="1771"
                    WIDTH="1876"
                    HEIGHT="235"></String>
          </TextLine>
          <TextLine ID="eSc_line_d0457f28"
                    TAGREFS="LT114"
                    BASELINE="370 1967 706 1972 1592 2044 2186 2079" 
                    HPOS="368"
                    VPOS="1901"
                    WIDTH="1820"
                    HEIGHT="201">
            <Shape><Polygon POINTS="368 1976 399 1992 401 1992 403 1992 522 1987 607 1983 700 1989 717 2000 722 2005 724 2005 726 2005 728 2005 730 2005 737 2002 757 1994 805 2000 818 2007 845 2025 847 2025 849 2025 851 2025 911 2014 950 2007 966 2018 988 2035 990 2035 992 2035 1032 2038 1034 2038 1036 2038 1071 2025 1084 2022 1164 2022 1412 2042 1434 2051 1485 2069 1487 2069 1518 2071 1520 2071 1522 2071 1548 2058 1566 2049 1590 2062 1625 2079 1672 2100 1718 2084 1720 2084 1770 2075 1777 2073 1781 2075 1803 2091 1805 2091 1807 2091 1915 2099 1917 2099 1918 2099 1951 2088 1961 2084 1970 2088 1983 2095 1984 2095 1986 2095 1988 2095 1999 2090 2019 2080 2183 2102 2186 2079 2188 2042 2084 2014 2082 2014 2032 2013 2030 2013 2028 2013 2001 2025 1973 2007 1972 2007 1970 2007 1968 2007 1966 2007 1929 2022 1920 2024 1630 2005 1619 1998 1599 1981 1597 1981 1596 1981 1594 1981 1592 1981 1561 1992 1550 1996 1531 1991 1522 1987 1520 1987 1518 1987 1517 1987 1511 1989 1493 1994 1454 1985 1388 1967 1386 1967 1385 1967 1341 1976 1309 1981 1273 1970 1229 1956 1227 1956 1225 1956 1185 1963 1163 1967 1113 1958 1032 1943 1031 1943 1029 1943 1012 1950 986 1959 935 1958 900 1941 880 1932 878 1932 876 1932 875 1932 853 1937 842 1939 814 1934 768 1926 766 1926 765 1926 757 1930 735 1941 669 1927 632 1925 631 1925 629 1925 588 1932 546 1914 533 1908 532 1908 530 1908 511 1912 454 1910 425 1904 418 1901 416 1901 374 1901 370 1967"/></Shape>
	    <String CONTENT="(tibétain : -, Wylie : zhabs dkar tshogs drug rang grol, THL :"
                    HPOS="368"
                    VPOS="1901"
                    WIDTH="1820"
                    HEIGHT="201"></String>
          </TextLine>
          <TextLine ID="eSc_line_bfbcbcc7"
                    TAGREFS="LT114"
                    BASELINE="383 2084 880 2101 1170 2123 1282 2141 1528 2154 2247 2181" 
                    HPOS="383"
                    VPOS="2035"
                    WIDTH="1864"
                    HEIGHT="170">
            <Shape><Polygon POINTS="383 2084 383 2104 425 2104 429 2106 469 2132 471 2132 473 2132 475 2132 476 2132 528 2112 537 2108 986 2126 1007 2137 1056 2157 1058 2157 1060 2157 1164 2145 1201 2141 1212 2148 1232 2161 1234 2161 1236 2161 1238 2161 1240 2161 1262 2150 1284 2167 1286 2167 1287 2167 1289 2168 1394 2168 1394 2167 1396 2167 1419 2159 1434 2154 1460 2161 1520 2178 1522 2178 1524 2178 1645 2170 1687 2168 1696 2174 1706 2179 1707 2179 1709 2179 1711 2179 1781 2178 1801 2178 1805 2179 1819 2190 1821 2190 1823 2190 2032 2200 2034 2201 2106 2201 2106 2200 2107 2200 2117 2196 2140 2183 2168 2198 2183 2205 2184 2205 2186 2205 2245 2201 2247 2181 2247 2139 2181 2121 2179 2121 2177 2121 2175 2121 2131 2134 2124 2135 1702 2119 1685 2108 1673 2101 1671 2101 1669 2101 1667 2101 1641 2106 1612 2113 1586 2102 1566 2095 1564 2095 1563 2095 1531 2101 1504 2104 1473 2097 1452 2091 1451 2091 1449 2091 1447 2091 1436 2095 1405 2104 1361 2090 1298 2071 1297 2071 1295 2071 1293 2071 1271 2082 1247 2069 1245 2069 1243 2069 1241 2069 1208 2079 1185 2071 1183 2071 1181 2071 1179 2071 1163 2079 1153 2084 1144 2079 1128 2068 1126 2068 1124 2068 1122 2068 1089 2075 1065 2080 1021 2071 999 2068 997 2068 986 2069 955 2077 935 2066 913 2055 911 2055 909 2055 908 2055 876 2064 873 2064 869 2062 845 2051 843 2051 675 2046 673 2046 671 2046 669 2046 660 2051 638 2064 601 2047 583 2040 581 2040 497 2036 495 2036 493 2036 480 2040 462 2047 449 2040 443 2035 442 2035 440 2035 438 2035 383 2035 383 2084"/></Shape>
	    <String CONTENT="shyabkar tsokdruk rangdrol) (1781-1851) est un enseignant du"
                    HPOS="383"
                    VPOS="2035"
                    WIDTH="1864"
                    HEIGHT="170"></String>
          </TextLine>
          <TextLine ID="eSc_line_a49eaefd"
                    TAGREFS="LT114"
                    BASELINE="363 2198 933 2220 1029 2234 1739 2267 2416 2286" 
                    HPOS="361"
                    VPOS="2152"
                    WIDTH="2055"
                    HEIGHT="156">
            <Shape><Polygon POINTS="361 2216 722 2229 728 2233 742 2240 744 2240 746 2240 900 2240 977 2240 988 2244 1027 2258 1029 2258 1031 2258 1032 2258 1075 2247 1082 2245 1098 2247 1186 2264 1188 2264 1190 2264 1230 2255 1412 2273 1414 2273 1634 2271 1647 2271 1671 2282 1673 2282 1674 2282 1779 2278 1889 2291 1891 2291 1893 2291 1920 2282 1931 2278 1939 2284 1953 2293 1955 2293 1957 2293 2232 2304 2234 2304 2276 2297 2315 2291 2339 2300 2361 2308 2362 2308 2364 2308 2414 2302 2416 2286 2416 2251 2359 2233 2357 2233 2355 2233 2353 2233 2333 2244 2304 2225 2302 2225 2300 2225 2298 2225 2296 2225 2227 2244 2221 2244 2148 2242 2144 2238 2113 2225 2111 2225 2109 2225 2032 2224 2005 2234 1999 2233 1968 2212 1966 2212 1964 2212 1962 2212 1961 2212 1922 2227 1913 2231 1841 2231 1830 2223 1814 2212 1812 2212 1810 2212 1808 2212 1807 2212 1781 2222 1766 2225 1663 2223 1651 2214 1640 2207 1638 2207 1636 2207 1634 2207 1632 2207 1619 2212 1603 2220 1564 2211 1563 2211 1561 2211 1553 2211 1364 2211 1317 2198 1315 2198 1313 2198 1311 2198 1306 2198 1234 2205 1214 2192 1201 2185 1199 2185 1197 2185 1196 2185 1194 2185 1172 2190 1166 2192 1159 2190 1131 2181 1130 2181 1128 2181 1126 2181 1109 2183 1102 2192 1093 2187 1078 2178 1076 2178 1075 2178 999 2176 997 2176 996 2176 983 2181 964 2190 944 2179 942 2179 941 2179 939 2179 935 2179 900 2187 880 2176 867 2170 865 2170 702 2165 700 2165 698 2165 691 2167 665 2178 638 2168 636 2168 634 2168 572 2172 546 2159 539 2157 537 2157 535 2157 515 2159 445 2165 363 2152 363 2198"/></Shape>
	    <String CONTENT="bouddhisme tibétain. Il était reconnu pour ses dons d&#x27;écriture et de"
                    HPOS="361"
                    VPOS="2152"
                    WIDTH="2055"
                    HEIGHT="156"></String>
          </TextLine>
          <TextLine ID="eSc_line_a4413e83"
                    TAGREFS="LT114"
                    BASELINE="354 2317 1315 2352 1796 2381 2406 2398" 
                    HPOS="352"
                    VPOS="2256"
                    WIDTH="2054"
                    HEIGHT="165">
            <Shape><Polygon POINTS="352 2337 412 2348 414 2348 458 2343 498 2337 693 2343 709 2352 719 2359 720 2359 722 2359 724 2359 726 2359 746 2354 770 2348 788 2355 799 2361 801 2361 803 2361 853 2359 944 2354 1021 2365 1043 2368 1045 2370 1111 2370 1379 2370 1397 2381 1403 2385 1405 2385 1407 2385 1408 2385 1410 2385 1421 2381 1451 2374 1541 2387 1568 2390 1570 2390 1572 2390 1577 2388 1596 2381 1616 2390 1625 2394 1627 2394 1629 2394 1652 2392 1706 2385 1755 2396 1773 2399 1775 2399 1777 2399 1786 2398 1819 2387 1862 2399 1871 2403 1873 2403 1874 2405 1957 2405 2199 2405 2401 2421 2406 2398 2406 2359 2364 2341 2362 2341 2361 2341 2359 2341 2298 2355 2153 2341 2151 2341 2084 2346 2058 2330 2056 2330 2054 2330 2052 2330 1986 2343 1819 2339 1794 2322 1792 2322 1790 2322 1788 2322 1724 2333 1669 2311 1667 2311 1665 2311 1574 2328 1572 2328 1563 2328 1511 2326 1476 2304 1474 2304 1473 2304 1471 2304 1469 2304 1438 2317 1414 2302 1412 2302 1410 2302 1408 2302 1407 2302 1368 2313 1330 2299 1328 2299 1326 2299 1324 2299 1272 2304 1186 2302 1185 2302 1135 2311 1097 2293 1095 2293 1093 2293 1091 2293 1047 2306 986 2286 985 2286 983 2286 981 2286 941 2299 911 2284 909 2284 801 2280 799 2280 798 2280 768 2293 742 2277 741 2277 739 2277 737 2277 678 2284 615 2262 576 2271 574 2271 535 2286 500 2267 498 2267 476 2256 416 2278 396 2266 394 2266 392 2266 390 2266 388 2266 354 2278 354 2317"/></Shape>
	    <String CONTENT="poésie. Le 14e dalaï-lama a écrit de lui : Il est considéré comme le"
                    HPOS="352"
                    VPOS="2256"
                    WIDTH="2054"
                    HEIGHT="165"></String>
          </TextLine>
          <TextLine ID="eSc_line_8a09f127"
                    TAGREFS="LT114"
                    BASELINE="350 2436 1152 2462 1427 2486 2355 2535" 
                    HPOS="348"
                    VPOS="2377"
                    WIDTH="2009"
                    HEIGHT="178">
            <Shape><Polygon POINTS="348 2469 416 2475 418 2475 427 2473 487 2458 522 2476 528 2480 530 2480 579 2482 581 2482 583 2482 590 2480 643 2464 682 2464 719 2486 724 2489 726 2489 728 2489 854 2495 856 2495 858 2495 871 2491 924 2476 1155 2486 1186 2504 1201 2511 1203 2511 1205 2511 1230 2506 1284 2493 1462 2504 1491 2517 1518 2526 1520 2526 1572 2528 1574 2528 1575 2528 1599 2520 1632 2509 1649 2520 1651 2520 1652 2520 1654 2520 1656 2520 1678 2511 1799 2528 1814 2530 1816 2530 1818 2530 1819 2530 1836 2520 1893 2531 1928 2539 1929 2539 2027 2537 2098 2537 2111 2541 2153 2555 2155 2555 2157 2555 2353 2550 2355 2535 2357 2489 2175 2482 2172 2478 2171 2448 2142 2462 2140 2462 2139 2462 2137 2462 2111 2467 2074 2456 2073 2456 2071 2456 2069 2456 2027 2473 2023 2473 2010 2471 1898 2451 1896 2451 1895 2451 1865 2464 1860 2465 1642 2444 1610 2451 1579 2434 1577 2434 1575 2434 1574 2434 1544 2447 1535 2451 1471 2449 1462 2443 1429 2427 1427 2427 1364 2421 1363 2421 1361 2421 1322 2431 1304 2420 1302 2420 1300 2420 1298 2420 1223 2425 1197 2414 1196 2414 1194 2414 1192 2414 1152 2425 1115 2410 1113 2410 1111 2410 1109 2410 1076 2423 1027 2407 1025 2407 887 2399 886 2399 814 2410 779 2416 728 2414 715 2407 691 2390 689 2390 687 2390 686 2390 684 2390 653 2403 640 2409 627 2401 616 2396 614 2396 612 2396 610 2396 599 2399 581 2407 515 2405 500 2396 493 2390 491 2390 489 2390 487 2390 486 2390 475 2394 456 2401 440 2392 412 2377 410 2377 409 2377 350 2387 350 2436"/></Shape>
	    <String CONTENT="plus grand yogi tibétain après Milarepa à avoir atteint l&#x27;Éveil en"
                    HPOS="348"
                    VPOS="2377"
                    WIDTH="2009"
                    HEIGHT="178"></String>
          </TextLine>
          <TextLine ID="eSc_line_f98240c5"
                    TAGREFS="LT114"
                    BASELINE="343 2572 884 2581" 
                    HPOS="341"
                    VPOS="2519"
                    WIDTH="543"
                    HEIGHT="88">
            <Shape><Polygon POINTS="343 2572 341 2585 451 2601 453 2601 548 2590 554 2590 561 2590 706 2603 708 2603 752 2594 753 2594 772 2607 774 2607 776 2607 777 2607 882 2596 884 2581 882 2552 788 2537 787 2537 724 2542 691 2546 651 2541 643 2539 629 2524 629 2522 627 2522 625 2522 585 2522 583 2522 581 2522 579 2522 579 2524 565 2535 557 2544 539 2535 526 2528 524 2528 522 2528 486 2531 460 2535 454 2530 443 2520 443 2519 442 2519 440 2519 438 2519 436 2519 434 2519 421 2528 407 2519 405 2519 403 2519 401 2519 343 2524 343 2572"/></Shape>
	    <String CONTENT="l&#x27;espace d&#x27;une vie."
                    HPOS="341"
                    VPOS="2519"
                    WIDTH="543"
                    HEIGHT="88"></String>
          </TextLine>
        </TextBlock>
        <TextBlock HPOS="212"
                   VPOS="176"
                   WIDTH="2176"
                   HEIGHT="86"
                   ID="eSc_textblock_f65762e4"
                   TAGREFS="BT114">
          <Shape><Polygon POINTS="221 176 469 198 2351 183 2388 210 2162 225 2146 254 352 262 212 254 221 176"/></Shape>
        </TextBlock>
      </PrintSpace>
    </Page>
  </Layout>
</alto>
