2550 3300
1796 82 700 70 imp_wikitexte_0084

286 262 2018 75 Duo pour cannibales (Duett för kannibaler) est un drame

286 375 2135 94 psychologique suédois écrit et réalisé par Susan Sontag et sorti

308 484 327 82 en 1969.

319 594 2074 99 Rendez-vous à Bagdad (titre original : They Came to Bagdad)

302 715 2036 88 est un roman d'espionnage et d'aventures d'Agatha Christie

299 827 2099 94 publié le 5 mars 1951 au Royaume-Uni,  et en 1952 en France.

319 937 2046 102 Le livre est inspiré du voyage d'Agatha Christie à Bagdad

319 1061 1942 77 avec son second mari, l’archéologue Max Mallowan.

332 1174 2050 77 C'est l'un de ses rares romans d'action et d'espionnage,

324 1284 2069 80 avec L'Homme au complet marron (1924) ou Passager pour

332 1394 655 85 Francfort (1970).

343 1496 2052 96 Paul Doiron, né dans le Maine, est un écrivain américain,

346 1628 1098 79 auteur de roman policier.

357 1727 1972 93 Le Puaikura FC est un club de football des îles

357 1843 1029 90 Cook situé à Arorangi.

346 1955 1983 93 Claude Chappuys, né à Amboise (Indre-et-Loire)

335 2076 1862 93 vers 1500 et mort le 17 novembre 1575, est un

368 2183 677 105 poète français.
