2550 3300
1768 251 627 91 imp_wikitexte_0134

310 476 2014 92 Daniel Jacoby, né à Bordeaux (France) le 20 novembre

324 572 2047 112 1941 et décédé à Longueuil (Québec) le 3 septembre 2013,

308 698 1944 102 est un juriste québécois, avocat, adjoint de recherche

308 811 1884 104 à l'Office de révision du Code civil, professeur à

302 929 1862 99 l'Université de Montréal, directeur général à la

319 1048 1950 88 législation, sous-ministre à la Justice et 5e Protecteur

308 1162 1447 88 du citoyen du Québec (1987 à 2001).

327 1262 2024 110 Chen Wei (chinois simplifié : -), né le 21 février 1969,

299 1397 1843 82 est un dissident chinois et militant des droits de

291 1487 1774 108 l'homme. Signataires de la charte 08, il a été

308 1614 1873 91 condamné à neuf ans de prison pour incitation à

300 1734 1129 81 la subversion en décembre 2011.

319 1842 1781 88 Gérard Jacob-Kolb est un écrivain français du

304 1948 2007 98 XIXe siècle et un collectionneur. Né à Reims le 15 octobre

299 2059 1739 102 1775, mort à Paris le 15 janvier 1830, il fut

304 2176 1425 97 enterré au cimetière du Père-Lachaise.
