2550 3300
1845 214 657 64 imp_wikitexte_0083

275 361 2092 108 Digital Anvil était un studio de développement de jeux vidéo basé

271 457 2068 118 à Austin, aux États-Unis. Il fut fondé en 1996 par Chris Roberts,

269 597 2049 81 le créateur de Wing Commander, avec Marten Davies, Erin Roberts,

273 709 2055 97 Eric Peterson, Tony Zurovec, et plusieurs autres personnes ayant

278 821 2061 110 quitté Origin Systems. Leur premier jeu, StarLancer, développé en

260 938 2046 85 collaboration avec Warthog Games, est sorti en 2000 sur Windows

280 1059 694 83 puis sur Dreamcast.

262 1162 2111 97 L’Orchestre philharmonique tchèque (-eská filharmonie en tchèque)

273 1279 1919 99 est le principal et le plus célèbre orchestre symphonique de

289 1387 2075 101 République tchèque. Fondé en 1894, il siège au Rudolfinum

282 1514 363 82 à Prague.

262 1609 2069 105 Les Indo-Américains (en anglais : Indian Americans) sont les

266 1718 2021 100 Américains originaires d'Inde. Le Bureau du recensement des

278 1815 2039 113 États-Unis utilise le terme d'« Asio-Indiens » (Asian Indians)

282 1951 2057 98 pour les désigner afin d'éviter la confusion avec les Amérindiens,

267 2056 1189 109 aussi appelés Indiens d'Amérique.

258 2170 2090 107 Les Indo-Américains, bien qu'ils ne représentent que 1 % de la

275 2285 2062 120 population totale du pays, font partie des groupes d'immigrants

282 2414 1965 95 parmi les plus influents et les plus instruits des États-Unis.
