2550 3300
1616 256 774 90 imp_wikitexte_0113

278 465 2061 103 Taklak (en népalais : -) est un comité de développement

280 580 2049 120 villageois du Népal situé dans le district de Parbat.

282 704 2071 91 Au >rescencement< recensement de >200 211< 2011, il comptait

286 804 1837 100 1 424 habitants. Donald III (en langue gaélique

286 913 1997 107 Domnall mac Donnchada) dit le blond (Domnall Bán),

286 1016 2021 117 est roi d'Écosse de 1093 à 1094 puis de 1094 à 1097. Il

282 1162 1904 92 est aussi connu sous les noms Donaldbane, Donald Ban,

277 1266 1106 85 Donald Bane, et Donald Bain.

280 1376 2051 92 Miss Cambodge est un concours de beauté féminine destiné

284 1503 1853 93 aux jeunes femmes de nationalité cambodgienne.

277 1592 1995 107 L'actrice et mannequin Reth Sarita (25 ans) a été élue

284 1723 820 86 Miss Cambodge 2020.

283 1831 2016 105 Mustafa Nayyem (en ukrainien : - -, en pachto : - -),

286 1943 1969 108 né le 28 juin 1981 à Kaboul en Afghanistan, est un

286 2073 1618 84 journaliste et homme politique ukrainien.

267 2163 1971 99 Judi Evans Luciano est une actrice américaine née le

286 2272 1937 111 12 juillet 1964 à Montebello, Californie (États-Unis)

278 2407 1941 82 (33418) Jacksonweaver est un astéroïde de la ceinture

286 2531 427 90 principale.
