2550 3300
40 330 2258 100 Le Roi Arthur : La Légende d'Excalibur (King Arthur) est un film

55 449 2344 88 fantastique américano-britannico-australien coécrit et réalisé

41 566 2448 105 par Guy Ritchie et sorti en 2017. Il s'agit d'une adaptation de

19 695 2429 110 la Légende arthurienne mettant en scène les débuts du roi

16 816 2256 110 >

23 922 2372 128 Hunnam. Il affronte le tyrannique roi du Royaume de

25 1083 1250 103 l'île de Bretagne, Vortigern.

27 1229 2503 135 Initialement prévu pour être le premier volet d'une franchise

5 1336 2447 156 de six films, Le Roi Arthur : La Légende d'Excalbur reçoit

29 1503 2350 114 des critiques globalement négatives et est un échec

7 1628 2394 102 commercial. Cela remet ainsi en cause les projets

11 1798 434 119 du studio.

19 2076 2508 159 Brett A. Harkins (né le 2 juillet 1970 à North Ridgeville

19 2208 2440 168 dans l'État de l'Ohio aux États-Unis) est un joueur

18 2326 2326 180 professionnel retraité de hockey sur glace ayant

19 2488 1755 174 évolué>< à la position d'ailier gauche.
