2550 3300
195 390 2288 217 Tom Platz (né le 26 juin 1955 à Fort Sill, Oklahoma,

141 568 2188 198 États-Unis) est un culturiste et homme d'affaires

137 779 488 84 americain.

264 891 2126 137 L'Unterseeboot 748 ou U-748 est un sous-marin

38 1100 2063 148 allemand (U-Boot) de type VIIC utilisé par la

69 1252 2268 167 Kriegsmarine pendant la Seconde Guerre mondiale.

277 1440 2217 157 Le sous-marin fut commandé le 25 août 1941

41 1617 2448 206 à Dantzig (Schichau-Werke), sa quille fut posée le

45 1789 2349 185 20 août 1942, il fut lancé le 13 mai 1943, et mis en

36 1939 2292 149 service le 31 juillet 1943, sous le commandement du

36 2055 1752 148 Feniente di Vascello italien Mario Arillo.

250 2212 2258 183 L'U-748 n'endommagea ou ne coula aucun navire au

29 2341 2247 205 cours de l'unique patrouille (5 jours en mer) qu'il

20 2471 381 141 effectua.

280 2607 1216 148 Il fut sabordé en mai 1945.

299 2739 2150 224 Converge pour les Îles (Convergència per les Illes en

16 2889 2368 205 catalan) (Cxl) était un parti politique des Îles Baléares

34 3026 2422 198 (Espagne) fondé en mars 2011 et dissout en novembre 2012.

1397 90 795 86 imp_wikitexte_109
