<?xml version="1.0" encoding="UTF-8"?>
<alto xmlns:xsi="http://www.w3.org/2001/XMLSchema-instance"
      xmlns="http://www.loc.gov/standards/alto/ns-v4#"
      xsi:schemaLocation="http://www.loc.gov/standards/alto/ns-v4# http://www.loc.gov/standards/alto/v4/alto-4-2.xsd">
  <Description>
    <MeasurementUnit>pixel</MeasurementUnit>
    <sourceImageInformation>
      <fileName>imp_wikitexte_0206.jpg</fileName>
    </sourceImageInformation>
  </Description>
  <Tags>
    <OtherTag ID="BT1" LABEL="Title" DESCRIPTION="block type Title"/><OtherTag ID="BT2" LABEL="Main" DESCRIPTION="block type Main"/><OtherTag ID="BT3" LABEL="Commentary" DESCRIPTION="block type Commentary"/><OtherTag ID="BT4" LABEL="Illustration" DESCRIPTION="block type Illustration"/><OtherTag ID="BT121" LABEL="text" DESCRIPTION="block type text"/>
    <OtherTag ID="LT121" LABEL="default" DESCRIPTION="line type default"/>
  </Tags>
  <Layout>
    <Page WIDTH="2550"
          HEIGHT="3300"
          PHYSICAL_IMG_NR="0"
          ID="eSc_dummypage_">
      <PrintSpace HPOS="0"
                  VPOS="0"
                  WIDTH="2550"
                  HEIGHT="3300">
        <TextBlock HPOS="198"
                   VPOS="139"
                   WIDTH="2285"
                   HEIGHT="2601"
                   ID="eSc_textblock_1d0b1674"
                   TAGREFS="BT121">
          <Shape><Polygon POINTS="214 139 2388 161 2366 218 2124 242 2183 249 2161 276 2184 286 2315 286 2395 359 2410 658 2344 828 2329 1056 2351 1780 2439 1818 2483 1921 2417 1978 2236 2000 2205 2022 2285 2029 2214 2036 2139 2090 2148 2119 2205 2134 2153 2156 2162 2214 2366 2244 2388 2273 2351 2396 2131 2449 2249 2486 2227 2508 2234 2601 1898 2630 1845 2654 1838 2711 1808 2726 1654 2740 432 2726 374 2689 330 2420 293 2366 330 2236 322 2156 293 2146 300 2104 322 2132 315 2060 278 2022 271 623 293 242 198 225 214 139"/></Shape>
          <TextLine ID="eSc_line_8a2b9a6b"
                    TAGREFS="LT121"
                    BASELINE="354 306 570 304 711 313 1830 313" 
                    HPOS="354"
                    VPOS="224"
                    WIDTH="1476"
                    HEIGHT="113">
            <Shape><Polygon POINTS="354 337 1829 337 1830 313 1830 260 1814 249 1812 249 1810 249 1808 249 1807 249 1805 249 1788 262 1772 273 1691 260 1662 256 1660 256 1658 256 1656 256 1652 260 1629 278 1577 255 1449 256 1447 256 1445 256 1443 256 1441 256 1440 256 1408 273 1386 256 1377 249 1375 249 1374 249 1372 249 1370 249 1352 254 1287 276 1139 264 1137 264 1135 264 1133 264 1117 278 1031 278 1005 264 1003 264 1001 264 922 264 900 249 891 242 889 242 887 242 798 228 776 242 774 242 772 242 765 247 748 256 730 251 728 251 726 251 724 251 722 251 686 276 643 245 640 242 638 242 636 242 603 242 601 242 599 242 598 242 594 243 541 276 453 242 451 242 369 224 354 242 354 306"/></Shape>
	    <String CONTENT="Nom de référence: imp_wikitexte_0206"
                    HPOS="354"
                    VPOS="224"
                    WIDTH="1476"
                    HEIGHT="113"></String>
          </TextLine>
          <TextLine ID="eSc_line_8546d203"
                    TAGREFS="LT121"
                    BASELINE="348 429 1427 423 2390 442" 
                    HPOS="343"
                    VPOS="321"
                    WIDTH="2044"
                    HEIGHT="135">
            <Shape><Polygon POINTS="343 448 2382 456 2387 440 2384 385 2320 362 2230 349 2164 349 2126 382 2076 363 1931 376 1856 349 1845 349 1793 382 1763 382 1713 379 1669 346 1477 379 1291 337 1193 379 1108 346 1100 346 1026 374 961 321 888 376 855 352 841 352 816 371 778 343 764 343 717 379 646 379 602 346 500 363 473 323 390 341 346 368 346 429"/></Shape>
	    <String CONTENT="Éverton dos Santos Lopes est un boxeur bré-"
                    HPOS="343"
                    VPOS="321"
                    WIDTH="2044"
                    HEIGHT="135"></String>
          </TextLine>
          <TextLine ID="eSc_line_aeb4317c"
                    TAGREFS="LT121"
                    BASELINE="313 535 2117 531" 
                    HPOS="311"
                    VPOS="452"
                    WIDTH="1806"
                    HEIGHT="118">
            <Shape><Polygon POINTS="313 570 2115 566 2117 531 2115 493 2052 474 2051 474 2049 474 2047 474 2027 482 1999 467 1997 467 1995 467 1994 467 1953 485 1731 467 1729 467 1728 467 1726 467 1685 493 1539 452 1414 473 1412 473 1410 473 1348 491 1309 467 1308 467 1306 467 1218 467 1216 467 1214 467 1183 484 1042 469 1040 469 1038 469 1036 469 997 493 935 469 933 469 878 469 876 469 875 469 873 469 790 463 671 478 669 478 667 478 638 495 590 495 482 469 374 469 372 469 370 469 311 493 313 535"/></Shape>
	    <String CONTENT="silien né le 8 août 1988 à Salvador."
                    HPOS="311"
                    VPOS="452"
                    WIDTH="1806"
                    HEIGHT="118"></String>
          </TextLine>
          <TextLine ID="eSc_line_3f4cfd61"
                    TAGREFS="LT121"
                    BASELINE="341 647 2399 657" 
                    HPOS="335"
                    VPOS="572"
                    WIDTH="2063"
                    HEIGHT="107">
            <Shape><Polygon POINTS="335 673 2393 679 2398 654 2393 596 2288 599 2241 577 2233 577 2178 607 2076 596 1983 577 1892 577 1788 605 1755 577 1705 574 1556 602 1400 574 1394 574 1325 602 1273 574 1262 574 1232 596 1232 599 1108 602 850 572 814 602 772 602 712 572 701 572 665 602 596 602 558 580 387 572 338 596 338 646"/></Shape>
	    <String CONTENT="-tawara (-, -tawara-shi) est une ville située dans"
                    HPOS="335"
                    VPOS="572"
                    WIDTH="2063"
                    HEIGHT="107"></String>
          </TextLine>
          <TextLine ID="eSc_line_8e07bbdf"
                    TAGREFS="LT121"
                    BASELINE="302 753 1122 766 2142 762" 
                    HPOS="300"
                    VPOS="694"
                    WIDTH="1842"
                    HEIGHT="109">
            <Shape><Polygon POINTS="300 790 1485 801 1487 801 1887 793 1904 803 1906 803 1907 803 1909 803 2140 792 2142 762 2139 731 1957 720 1915 700 1913 700 1911 700 1858 707 1856 707 1854 707 1818 729 1816 731 1772 731 1770 729 1693 705 1691 705 1689 705 1687 705 1641 729 1579 714 1491 698 1489 698 1434 698 1432 698 1430 698 1390 720 1355 698 1353 698 1352 698 1311 698 1309 698 1308 698 1219 727 1150 696 1148 696 1146 696 1144 696 1087 727 1036 727 953 696 952 696 869 696 867 696 865 696 820 722 770 702 768 702 766 702 765 702 708 722 599 705 598 705 596 705 594 705 563 726 519 726 469 694 467 694 465 694 357 694 355 694 354 694 302 722 302 753"/></Shape>
	    <String CONTENT="la préfecture de Tochigi au Japon."
                    HPOS="300"
                    VPOS="694"
                    WIDTH="1842"
                    HEIGHT="109"></String>
          </TextLine>
          <TextLine ID="eSc_line_57e206b7"
                    TAGREFS="LT121"
                    BASELINE="332 869 1174 883 2300 874" 
                    HPOS="330"
                    VPOS="789"
                    WIDTH="1970"
                    HEIGHT="124">
            <Shape><Polygon POINTS="330 902 603 913 605 913 1172 907 1484 903 1522 909 1559 913 1561 913 2298 911 2300 874 2300 823 2245 804 2243 804 2241 804 2239 804 2208 821 2190 832 2170 821 2140 804 2139 804 2096 804 2095 804 2093 804 2063 821 2030 839 1766 801 1685 817 1671 810 1669 810 1667 810 1665 810 1649 817 1627 828 1607 817 1583 804 1581 804 1579 804 1577 804 1542 817 1524 823 1513 815 1493 804 1491 804 1489 804 1407 804 1405 804 1403 804 1381 815 1379 815 1377 815 1346 804 1344 804 1342 804 1341 804 1320 815 1278 839 1153 839 1089 814 1067 804 1065 804 994 804 992 804 990 804 975 812 928 839 825 839 744 810 742 810 741 810 687 810 686 810 684 810 660 823 627 810 614 804 612 804 610 804 609 804 599 810 552 834 515 834 460 808 447 803 445 803 399 789 332 806 332 869"/></Shape>
	    <String CONTENT="Analytica Chimica Acta (abrégé en Anal."
                    HPOS="330"
                    VPOS="789"
                    WIDTH="1970"
                    HEIGHT="124"></String>
          </TextLine>
          <TextLine ID="eSc_line_3b33dcfa"
                    TAGREFS="LT121"
                    BASELINE="344 988 2239 999" 
                    HPOS="343"
                    VPOS="920"
                    WIDTH="1896"
                    HEIGHT="103">
            <Shape><Polygon POINTS="344 988 343 1015 2236 1023 2239 999 2238 957 2175 946 2173 946 2172 946 2170 946 2153 955 2151 957 2135 955 2067 947 2038 931 2036 931 2034 931 2032 931 2012 938 1922 927 1920 927 1918 927 1860 949 1821 942 1819 942 1818 942 1794 953 1790 955 1786 953 1722 933 1720 933 1718 933 1717 933 1678 953 1673 957 1610 957 1574 953 1388 938 1386 938 1385 938 1348 951 1342 953 1251 951 1148 949 1106 925 1104 925 1047 925 1045 925 1043 925 997 949 996 951 983 949 957 947 915 922 913 922 911 922 909 922 781 924 779 924 742 940 693 922 691 922 689 922 687 922 636 949 605 949 565 949 565 947 487 920 486 920 407 920 405 920 403 920 344 946 344 988"/></Shape>
	    <String CONTENT="Chim. Acta) est une revue scientifique"
                    HPOS="343"
                    VPOS="920"
                    WIDTH="1896"
                    HEIGHT="103"></String>
          </TextLine>
          <TextLine ID="eSc_line_af962913"
                    TAGREFS="LT121"
                    BASELINE="348 1101 2172 1105" 
                    HPOS="346"
                    VPOS="1026"
                    WIDTH="1826"
                    HEIGHT="118">
            <Shape><Polygon POINTS="346 1127 1451 1144 1452 1144 2170 1136 2172 1105 2170 1059 2054 1041 2052 1041 2051 1041 2049 1041 2021 1059 2003 1070 1946 1070 1926 1059 1887 1041 1885 1041 1797 1041 1796 1041 1794 1041 1753 1059 1750 1061 1746 1059 1698 1045 1696 1045 1695 1045 1693 1045 1691 1045 1665 1061 1653 1068 1576 1052 1507 1061 1482 1052 1480 1052 1478 1052 1476 1052 1458 1061 1443 1070 1396 1070 1320 1061 1306 1061 1260 1039 1258 1039 1188 1039 1186 1039 1185 1039 1150 1052 1130 1039 1128 1039 1126 1039 1058 1039 1056 1039 1054 1039 1053 1039 1014 1063 1007 1068 983 1068 974 1063 915 1039 913 1039 911 1039 909 1039 908 1039 867 1063 860 1068 832 1068 825 1063 835 1038 787 1041 785 1041 730 1041 728 1041 726 1041 665 1065 664 1065 660 1065 609 1054 607 1054 530 1059 511 1048 510 1048 508 1048 506 1048 504 1048 473 1065 397 1026 348 1067 348 1101"/></Shape>
	    <String CONTENT="à comité de lecture qui publie des"
                    HPOS="346"
                    VPOS="1026"
                    WIDTH="1826"
                    HEIGHT="118"></String>
          </TextLine>
          <TextLine ID="eSc_line_52d4548a"
                    TAGREFS="LT121"
                    BASELINE="332 1219 1834 1217 2252 1228" 
                    HPOS="330"
                    VPOS="1153"
                    WIDTH="1922"
                    HEIGHT="95">
            <Shape><Polygon POINTS="332 1219 330 1244 2249 1248 2252 1228 2249 1169 2161 1177 2135 1169 2084 1153 2082 1153 2080 1153 2078 1153 2047 1169 2032 1178 1959 1178 1928 1169 1854 1153 1852 1153 1851 1153 1797 1171 1794 1171 1792 1171 1770 1164 1768 1164 1766 1164 1724 1171 1700 1175 1691 1171 1667 1160 1665 1160 1663 1160 1662 1160 1640 1171 1629 1177 1612 1171 1583 1162 1581 1162 1579 1162 1577 1162 1548 1171 1531 1178 1467 1178 1458 1173 1441 1162 1440 1162 1438 1162 1436 1162 1392 1171 1353 1153 1352 1153 1306 1153 1304 1153 1302 1153 1260 1173 1252 1178 1196 1178 1188 1173 1153 1153 1152 1153 1150 1153 1120 1153 1119 1153 1117 1153 1073 1175 1067 1177 1060 1175 1003 1153 1001 1153 999 1153 997 1153 996 1153 959 1175 953 1178 900 1178 895 1175 858 1153 856 1153 854 1153 816 1153 814 1153 812 1153 770 1175 766 1178 730 1178 724 1177 645 1153 643 1153 642 1153 640 1153 588 1166 565 1153 563 1153 421 1153 420 1153 418 1153 332 1177 332 1219"/></Shape>
	    <String CONTENT="articles de recherches originales dans"
                    HPOS="330"
                    VPOS="1153"
                    WIDTH="1922"
                    HEIGHT="95"></String>
          </TextLine>
          <TextLine ID="eSc_line_aad9a7ae"
                    TAGREFS="LT121"
                    BASELINE="330 1337 2283 1342" 
                    HPOS="324"
                    VPOS="1259"
                    WIDTH="1956"
                    HEIGHT="110">
            <Shape><Polygon POINTS="327 1336 324 1358 2274 1369 2280 1342 2277 1295 2076 1262 1977 1265 1947 1289 1909 1262 1895 1262 1859 1292 1719 1276 1713 1276 1675 1292 1565 1278 1510 1289 1449 1287 1422 1262 1215 1289 1182 1259 1119 1259 1083 1292 1056 1292 1020 1259 1009 1259 943 1289 819 1276 742 1289 720 1287 596 1259 525 1289 456 1259 365 1259 327 1278 327 1336"/></Shape>
	    <String CONTENT="le domaine de la chimie analytique."
                    HPOS="324"
                    VPOS="1259"
                    WIDTH="1956"
                    HEIGHT="110"></String>
          </TextLine>
          <TextLine ID="eSc_line_3599fc11"
                    TAGREFS="LT121"
                    BASELINE="355 1441 986 1450 2338 1467" 
                    HPOS="352"
                    VPOS="1353"
                    WIDTH="1983"
                    HEIGHT="143">
            <Shape><Polygon POINTS="2332 1408 2296 1375 2178 1375 2131 1394 1928 1372 1884 1410 1829 1410 1639 1366 1452 1366 1405 1405 1369 1405 1336 1375 1323 1375 1273 1405 1221 1405 1169 1388 1089 1399 1056 1375 891 1397 874 1386 847 1361 833 1361 651 1359 500 1394 412 1353 404 1353 354 1372 352 1474 1887 1476 2329 1496 2335 1465 2335 1424"/></Shape>
	    <String CONTENT="D&#x27;après le Journal Citation Reports,"
                    HPOS="352"
                    VPOS="1353"
                    WIDTH="1983"
                    HEIGHT="143"></String>
          </TextLine>
          <TextLine ID="eSc_line_6b64cb96"
                    TAGREFS="LT121"
                    BASELINE="333 1554 2254 1562" 
                    HPOS="332"
                    VPOS="1485"
                    WIDTH="1922"
                    HEIGHT="106">
            <Shape><Polygon POINTS="333 1554 332 1584 2250 1591 2254 1562 2252 1501 2214 1492 2212 1492 2210 1492 2190 1499 2139 1519 2028 1503 2027 1503 2025 1503 1988 1519 1920 1497 1902 1492 1900 1492 1898 1492 1896 1492 1884 1497 1830 1519 1618 1519 1572 1494 1566 1492 1564 1492 1563 1492 1561 1492 1555 1494 1515 1518 1474 1494 1467 1490 1465 1490 1407 1490 1405 1490 1403 1490 1396 1494 1331 1518 1293 1503 1291 1503 1289 1503 1161 1514 1093 1490 1086 1488 1084 1488 1082 1488 1080 1488 1076 1490 1029 1518 941 1518 920 1505 919 1505 917 1505 915 1505 853 1507 814 1490 812 1490 748 1490 746 1490 744 1490 700 1507 665 1486 664 1486 662 1486 601 1486 599 1486 598 1486 546 1516 522 1516 471 1486 469 1486 333 1485 333 1554"/></Shape>
	    <String CONTENT="le facteur d&#x27;impact de ce journal"
                    HPOS="332"
                    VPOS="1485"
                    WIDTH="1922"
                    HEIGHT="106"></String>
          </TextLine>
          <TextLine ID="eSc_line_ff2e53c5"
                    TAGREFS="LT121"
                    BASELINE="332 1672 1854 1672 2326 1681" 
                    HPOS="330"
                    VPOS="1598"
                    WIDTH="1996"
                    HEIGHT="132">
            <Shape><Polygon POINTS="330 1697 750 1697 753 1697 776 1710 777 1710 779 1710 781 1710 805 1697 807 1697 1027 1699 1227 1699 1320 1712 1322 1712 1324 1712 1483 1727 1974 1703 2122 1730 2324 1701 2326 1681 2326 1607 2313 1600 2311 1600 2309 1600 2217 1600 2216 1600 2214 1600 2190 1613 2159 1629 2102 1613 2062 1602 2060 1602 2058 1602 2056 1602 2032 1615 2010 1626 1953 1629 1885 1615 1814 1600 1812 1600 1810 1600 1781 1617 1757 1629 1735 1617 1704 1600 1702 1600 1629 1600 1627 1600 1625 1600 1599 1611 1553 1600 1552 1600 1550 1600 1548 1600 1513 1618 1491 1631 1372 1631 1352 1620 1348 1618 1346 1618 1344 1618 1331 1620 1289 1629 1254 1620 1229 1615 1227 1615 1225 1615 1223 1615 1205 1622 1188 1628 1113 1622 1056 1618 1054 1618 1008 1624 966 1628 959 1624 948 1617 946 1617 944 1617 942 1617 882 1624 878 1624 873 1624 820 1622 787 1604 785 1604 783 1604 689 1626 682 1628 678 1626 627 1598 625 1598 442 1598 440 1598 438 1598 394 1620 370 1611 368 1611 366 1611 365 1611 332 1628 332 1672"/></Shape>
	    <String CONTENT="est de 4,513 en 2014. Actuellement, les"
                    HPOS="330"
                    VPOS="1598"
                    WIDTH="1996"
                    HEIGHT="132"></String>
          </TextLine>
          <TextLine ID="eSc_line_144aaee4"
                    TAGREFS="LT121"
                    BASELINE="348 1772 862 1789 2256 1785" 
                    HPOS="346"
                    VPOS="1712"
                    WIDTH="1910"
                    HEIGHT="115">
            <Shape><Polygon POINTS="348 1772 346 1809 1053 1813 1082 1826 1084 1826 1086 1827 1238 1827 1238 1826 1240 1826 1263 1816 2254 1816 2256 1785 2252 1714 2175 1714 2173 1714 2172 1714 2170 1714 2131 1738 2093 1716 2091 1714 2089 1714 2087 1714 2085 1714 2041 1716 1966 1721 1964 1721 1962 1721 1926 1743 1810 1728 1808 1728 1807 1728 1773 1745 1654 1745 1605 1721 1586 1714 1585 1714 1515 1714 1513 1714 1511 1714 1493 1723 1458 1741 1370 1725 1313 1714 1311 1714 1309 1714 1286 1725 1271 1732 1254 1727 1236 1719 1234 1719 1232 1719 1203 1725 1201 1725 1197 1727 1163 1745 1029 1745 1001 1728 974 1712 972 1712 970 1712 968 1712 966 1712 964 1712 935 1730 911 1743 794 1732 753 1728 752 1728 750 1728 742 1732 722 1743 704 1732 669 1712 667 1712 665 1712 598 1712 596 1712 594 1712 543 1730 465 1712 398 1712 396 1712 394 1712 348 1734 348 1772"/></Shape>
	    <String CONTENT="directeurs de publication sont R. P."
                    HPOS="346"
                    VPOS="1712"
                    WIDTH="1910"
                    HEIGHT="115"></String>
          </TextLine>
          <TextLine ID="eSc_line_561ab7b5"
                    TAGREFS="LT121"
                    BASELINE="370 1893 1939 1892 2434 1899" 
                    HPOS="368"
                    VPOS="1820"
                    WIDTH="2066"
                    HEIGHT="112">
            <Shape><Polygon POINTS="370 1893 368 1926 2318 1932 2320 1932 2432 1921 2434 1899 2434 1848 2405 1833 2403 1833 2401 1833 2399 1833 2372 1846 2370 1849 2295 1849 2287 1846 2221 1820 2219 1820 2217 1820 2216 1820 2157 1837 2126 1820 2124 1820 2122 1820 2120 1820 2085 1835 2056 1820 2054 1820 1972 1820 1970 1820 1968 1820 1935 1837 1874 1820 1873 1820 1871 1820 1869 1820 1814 1838 1810 1840 1807 1838 1770 1820 1768 1820 1728 1820 1726 1820 1724 1820 1678 1837 1649 1848 1570 1835 1537 1831 1535 1831 1509 1835 1429 1848 1320 1833 1234 1820 1232 1820 1230 1820 1210 1831 1177 1848 1122 1829 1098 1822 1097 1822 1095 1822 1093 1822 1078 1829 1042 1849 997 1849 939 1827 933 1826 931 1826 930 1826 928 1826 924 1827 884 1849 660 1849 618 1848 568 1822 565 1820 563 1820 561 1820 559 1820 555 1822 526 1837 504 1826 502 1826 500 1826 498 1826 467 1833 443 1820 442 1820 440 1820 370 1820 370 1893"/></Shape>
	    <String CONTENT="Baldwin, N. W. Barnett, W. W. Buchberger"
                    HPOS="368"
                    VPOS="1820"
                    WIDTH="2066"
                    HEIGHT="112"></String>
          </TextLine>
          <TextLine ID="eSc_line_c7763206"
                    TAGREFS="LT121"
                    BASELINE="396 2014 671 2002 1238 2018 2149 2020" 
                    HPOS="390"
                    VPOS="1916"
                    WIDTH="1758"
                    HEIGHT="127">
            <Shape><Polygon POINTS="390 2043 2145 2043 2148 2018 2148 1952 2129 1930 2043 1944 1936 1930 1936 1933 1895 1971 1826 1971 1788 1936 1788 1933 1722 1933 1686 1963 1515 1927 1515 1930 1471 1966 1375 1949 1314 1966 1268 1938 1254 1938 1221 1966 1122 1966 1081 1925 965 1925 910 1963 684 1922 684 1925 643 1960 643 1963 610 1963 550 1925 536 1925 497 1960 437 1916 393 1963 393 2013"/></Shape>
	    <String CONTENT="P. K. Dasgupta, U. J. Krull, J. P."
                    HPOS="390"
                    VPOS="1916"
                    WIDTH="1758"
                    HEIGHT="127"></String>
          </TextLine>
          <TextLine ID="eSc_line_29223fdf"
                    TAGREFS="LT121"
                    BASELINE="385 2117 2024 2116" 
                    HPOS="382"
                    VPOS="2048"
                    WIDTH="1639"
                    HEIGHT="113">
            <Shape><Polygon POINTS="382 2114 382 2136 902 2136 951 2161 2021 2161 2021 2073 1975 2048 1917 2048 1917 2051 1889 2076 1752 2070 1733 2048 1719 2048 1683 2079 1644 2079 1617 2048 1570 2048 1543 2079 1380 2079 1380 2076 1347 2048 1336 2048 1279 2079 1155 2079 1127 2051 1127 2048 1114 2048 1072 2076 1037 2048 962 2048 935 2079 767 2079 764 2073 739 2051 739 2048 728 2048 690 2065 599 2048 572 2070 396 2048 382 2065 382 2114"/></Shape>
	    <String CONTENT="Landers, H. K. Lee, L. Li, J."
                    HPOS="382"
                    VPOS="2048"
                    WIDTH="1639"
                    HEIGHT="113"></String>
          </TextLine>
          <TextLine ID="eSc_line_9abd58fc"
                    TAGREFS="LT121"
                    BASELINE="432 2231 2078 2253" 
                    HPOS="429"
                    VPOS="2123"
                    WIDTH="1647"
                    HEIGHT="148">
            <Shape><Polygon POINTS="429 2263 2071 2271 2076 2252 2076 2205 2043 2205 2043 2202 2008 2167 1994 2167 1966 2183 1917 2167 1906 2167 1884 2189 1810 2169 1801 2169 1735 2194 1669 2161 1562 2167 1532 2197 1532 2200 1479 2200 1444 2158 1320 2158 1320 2161 1287 2191 1240 2156 1133 2158 1133 2161 1100 2191 927 2175 918 2175 899 2189 847 2189 794 2186 709 2150 701 2150 649 2178 624 2161 610 2161 580 2183 544 2158 530 2158 481 2123 431 2183 431 2230"/></Shape>
	    <String CONTENT="Pawliszyn et P. J. Worsfold."
                    HPOS="429"
                    VPOS="2123"
                    WIDTH="1647"
                    HEIGHT="148"></String>
          </TextLine>
          <TextLine ID="eSc_line_9c43657d"
                    TAGREFS="LT121"
                    BASELINE="409 2344 913 2355 2353 2343" 
                    HPOS="404"
                    VPOS="2262"
                    WIDTH="1971"
                    HEIGHT="122">
            <Shape><Polygon POINTS="407 2384 2349 2373 2351 2343 2375 2262 2280 2290 2214 2266 2082 2279 2082 2282 2060 2301 2002 2285 1991 2285 1972 2301 1865 2282 1760 2296 1650 2266 1639 2266 1584 2307 1521 2307 1474 2268 1463 2268 1391 2307 1317 2307 1265 2285 1257 2285 1232 2299 1199 2268 1108 2268 1061 2307 1020 2310 905 2310 861 2271 753 2271 709 2304 654 2307 478 2262 404 2271 407 2343"/></Shape>
	    <String CONTENT="Eyes est un village du Cameroun situé"
                    HPOS="404"
                    VPOS="2262"
                    WIDTH="1971"
                    HEIGHT="122"></String>
          </TextLine>
          <TextLine ID="eSc_line_a7d77c0e"
                    TAGREFS="LT121"
                    BASELINE="352 2458 963 2467 1953 2474" 
                    HPOS="346"
                    VPOS="2376"
                    WIDTH="1604"
                    HEIGHT="121">
            <Shape><Polygon POINTS="346 2491 1944 2497 1950 2472 1950 2420 1922 2392 1922 2389 1856 2389 1856 2392 1815 2431 1738 2431 1666 2389 1562 2387 1543 2403 1455 2387 1416 2428 1342 2428 1295 2387 1295 2384 1251 2384 1202 2425 1087 2390 987 2395 946 2406 924 2387 924 2384 910 2384 910 2387 874 2422 786 2422 748 2384 748 2381 682 2378 673 2378 673 2381 635 2417 635 2420 588 2420 572 2400 511 2411 423 2376 415 2376 349 2411 349 2455"/></Shape>
	    <String CONTENT="dans la région du Centre, le"
                    HPOS="346"
                    VPOS="2376"
                    WIDTH="1604"
                    HEIGHT="121"></String>
          </TextLine>
          <TextLine ID="eSc_line_e9967fa6"
                    TAGREFS="LT121"
                    BASELINE="403 2583 1408 2572 2210 2574" 
                    HPOS="401"
                    VPOS="2498"
                    WIDTH="1809"
                    HEIGHT="125">
            <Shape><Polygon POINTS="403 2583 407 2623 432 2608 487 2608 510 2621 511 2621 513 2621 515 2621 730 2607 953 2616 955 2616 2210 2610 2210 2574 2205 2519 2181 2528 2126 2519 2118 2519 2117 2519 2107 2519 2056 2528 2043 2520 2041 2519 2040 2519 2038 2519 2036 2519 2023 2520 1981 2528 1964 2520 1915 2498 1913 2498 1836 2498 1834 2498 1832 2498 1830 2498 1792 2522 1779 2530 1761 2522 1713 2506 1711 2506 1709 2506 1707 2506 1674 2524 1660 2533 1509 2533 1474 2526 1353 2504 1352 2504 1350 2504 1348 2504 1311 2528 1300 2535 1221 2535 1212 2528 1170 2502 1168 2502 1166 2502 1142 2502 1141 2502 1139 2502 1137 2502 1091 2530 1086 2533 1065 2530 946 2509 944 2509 942 2509 941 2509 904 2531 902 2533 862 2535 853 2533 781 2504 779 2504 777 2504 684 2506 682 2506 627 2531 570 2506 568 2506 449 2506 447 2506 445 2506 443 2506 401 2531 403 2583"/></Shape>
	    <String CONTENT="département du Nyong-et-Mfoumou"
                    HPOS="401"
                    VPOS="2498"
                    WIDTH="1809"
                    HEIGHT="125"></String>
          </TextLine>
          <TextLine ID="eSc_line_31ebbe2c"
                    TAGREFS="LT121"
                    BASELINE="440 2685 654 2693 1792 2693" 
                    HPOS="438"
                    VPOS="2599"
                    WIDTH="1354"
                    HEIGHT="123">
            <Shape><Polygon POINTS="438 2720 1788 2722 1792 2693 1792 2654 1761 2632 1759 2632 1757 2632 1689 2632 1687 2632 1685 2632 1684 2632 1647 2656 1603 2619 1601 2619 1599 2619 1597 2619 1596 2619 1539 2641 1513 2619 1511 2619 1509 2619 1438 2619 1436 2619 1434 2619 1432 2619 1388 2654 1385 2656 1223 2656 1219 2654 1177 2641 1175 2641 1174 2641 1172 2641 1148 2654 1144 2656 1142 2654 1128 2641 1126 2641 1124 2641 1122 2641 1120 2641 1104 2649 1056 2634 1054 2634 1053 2634 997 2638 996 2638 994 2638 975 2652 972 2656 963 2652 908 2634 906 2634 904 2634 902 2634 900 2634 875 2652 867 2658 798 2658 792 2652 752 2619 750 2619 748 2619 706 2599 651 2619 649 2619 647 2619 609 2651 605 2654 599 2651 563 2619 561 2619 559 2619 506 2619 504 2619 502 2619 440 2649 440 2685"/></Shape>
	    <String CONTENT="et la commune d&#x27;Ayos."
                    HPOS="438"
                    VPOS="2599"
                    WIDTH="1354"
                    HEIGHT="123"></String>
          </TextLine>
        </TextBlock>
        <TextBlock HPOS="293"
                   VPOS="2236"
                   WIDTH="13"
                   HEIGHT="13"
                   ID="eSc_textblock_bcc7c17a"
                   TAGREFS="BT121">
          <Shape><Polygon POINTS="295 2236 306 2236 306 2249 293 2249 295 2236"/></Shape>
        </TextBlock>
      </PrintSpace>
    </Page>
  </Layout>
</alto>
