2550 3300
216 316 2003 245 Le Nishiyama Onsen Keiunkan (...) est un

152 541 1812 153 onsen situé à Hayakawa, dans la

155 687 2033 222 préfecture de Yamanashi, au Japon. Il fut

133 863 2106 178 fondé en 705 par Fujiwara Mahito, ce qui

113 1056 2231 165 en fait le plus vieil hôtel et l'une des plus

146 1253 2207 138 anciennes sociétés en activité au monde. En

168 1430 2242 177 2011, le Guinness World Records a officiellement

121 1611 2043 198 reconnu l'hôtel comme étant le plus vieil

124 1790 2183 201 hôtel du monde,. Il est exploité de manière

111 2027 1952 182 continue depuis plus de 1300 ans par 52

130 2182 2091 254 générations de la même famille (y compris

126 2362 2064 301 les héritiers adoptés). Le Nishiyama Onsen

165 2598 2181 281 Keiunkan se trouve au pied des montagnes

151 2802 2176 269 Akaishi. Depuis sa fondation, toutes les sources

1155 57 1004 113 imp_wikitexte_0159
