2550 3300
1717 256 614 79 imp_wikitexte_0111

277 473 2188 113 Miguel Obando Bravo, né le 2 février 1926 à La Libertad au Nicaraguà

280 592 2215 135 et mort le 3 juin 2018 à Managua au Nicaragua, est un cardinal nicaraguayen,

277 707 1618 98 salésien et archevê de Managua de 1970 à 2005.

280 817 2189 110 Ch-n- (en allemand : Kien) est une commune du district de Prague-Ouest, dans la

282 930 2227 109 région de Bohême-Centrale, en République tchèque. Sa population s'élevait à 3 730

282 1046 653 83 habitants en 2020.

280 1151 2222 148 Robert Joseph Seurrat de Guilleville, né en 1725 à Orléans et mort le 6 octobre 1807

280 1276 1723 93 à Paris, est un industriel et homme politique français.

266 1383 2143 134 Il fut échevin (1773) puis maire de la ville d’Orléans (1780-1783). Il fut

273 1497 1293 114 également président du Consul>at< (1789).

282 1626 2139 80 Bramsche est une ville de l'arrondissement d'Osnabrü, dans le Land de

273 1736 2155 125 Basse Saxe, en Allemagne. La ville se situe à environ 20 km au nord

289 1848 543 75 d'Osnabrück.
