2550 3300
1812 40 549 79 imp_wikitexte_0052

286 249 2062 99 Hus-ya  est une île de la commune de Træna, en mer de Norvège dans le

275 360 905 115 comté de Nordland en Norvège.

278 476 2046 116 Santa Maria la Longa est une commune italienne de la province d'Udine

277 592 1352 86 dans la région Frioul-Vénétie Julienne en Italie.

272 695 2013 102 Notable donc coupable est un téléfilm français en deux parties réalisé par

277 817 2063 90 Francis Girod et terminé par Dominique Baron en 2006. Il revient sur

291 929 1829 94 l'affaire Alègre dans un scénario à clef. Il dure 173 minutes.

284 1045 2022 95 Zak Starkey est un batteur de rock britannique, né le 13 septembre 1965

275 1153 2080 116 à Hammersmith à Londres. Il est le fils de Ringo Starr (Richard Starkey)

278 1269 1960 98 et de sa première épouse, Maureen Cox. Son père a choisi le prénom

277 1389 2049 97 Zak car selon lui c'est « un prénom sympa, fort et qui ne peut pas être

275 1499 2071 94 raccourci ». Il est connu comme étant le troisième batteur d'Oasis et le

280 1613 1688 97 quatrième batteur du groupe The Who mais ne faisant pas

282 1728 919 101 officiellement partie du groupe.
