2550 3300
1258 33 1137 97 imp_wikitexte_0081

132 221 2384 121 Émile Sari>e<, né le 27 octobre 1876 à Bastia et mort le 9 juin 1937

238 349 2242 124 dans la même ville, est un homme politique français

253 465 392 94 de Corse.

99 573 2375 129 La périnone est un composé organique dérivé du dianhydride

201 689 2136 103 naphtalène-1,4,5,8-tétracarboxylique (en) (NTCDA) et

212 810 2215 112 donc du naphtalène, un hydrocarbure aromatique

220 929 638 97 polycyclique.

236 1008 2174 128 Bethlehem Township est un township du comté

240 1134 2036 120 de Henry dans le Missouri, aux Etats-Unis

176 1248 2217 135 Le township est fondé en 1873 et baptisé en réfé-

174 1365 2064 125 rence à une église baptiste, située dans ses

223 1483 457 117 frontières.

275 1546 1858 153 Ra-l-Aranda Perez, plus connu sous le nom de

243 1708 2052 103 « Ra-l Aranda », né à Almassora (province de Castellon

231 1820 2135 119 >e< Espagne) le 3 janvier 1952 est un matador

227 1926 2249 140 espagnol. Gilles-Philippe Delorme est journaliste

242 2045 2108 123 québécois et animateur d'émissions d'information

258 2167 1805 99 télévisées né à Montréal en 1944

236 2258 1991 118 Jean-Pierre Limosin, né le 4 juillet 1949 a

277 2396 2126 112 Chaumontel (Seine-et-Oise), est un organisateur

253 2522 1152 86 et scenariste francais.

238 2608 2084 120 Roger Canac (7 juin 1928 à Auriac-Lagast - 3 octobre

266 2740 2027 105 2020 au Bourg-d'Oisans) est un guide de

242 2850 2086 112 haute montagne et ecrivain français qui a

232 2960 1960 134 aussi notamment été philosophe, instituteur et formateur.
