2550 3300
321 273 1003 75 imp_wikitexte_0103

332 481 1890 115 Sidi Mahrez ou Mahrez (arabe : - -), de

327 610 1813 109 son vrai nom Abou Mohamed Mahrez

335 709 1722 99 Ibn Khalaf (- - - - -), né en 951 à

330 841 2030 80 l'Ariana et mort en 1022 à Tunis, est

324 954 1899 98 un saint tunisien. Guy Simon est un

308 1056 2016 115 footballeur français né le 21 avril 1933 à

322 1182 1983 90 Lampaul-Plouarzel et mort le 11 décembre

335 1278 2016 110 1988 à Brest. Il évolue au poste de défenseur

321 1401 1054 86 durant les années 1950.

336 1520 1765 87 Le parc national de Kora, est un parc

327 1633 1914 83 national situé au Kenya, dans la province

324 1742 1915 89 côtière, à environ 125 kilomètres à l'est

330 1853 1821 102 du Mont Kenya. Il couvre une superficie

332 1969 1487 88 d'environ 1 787 kilomètres carrés.

319 2090 2013 95 Colfax est une entreprise américaine spécialisée

343 2197 1986 88 dans le matériel de soudage, mais également

336 2304 1427 98 de compresseurs et de turbines.

316 2417 1667 93 Michel Heller, à l'état-civil Mikhaïl

354 2527 1849 96 Iacovlevitch Heller (- - -), né le 31 août

308 2640 2035 107 1922 à Moguilev (actuellement en Biélorussie)

288 2758 1931 106 et mort le 3 janvier 1997 à Paris 10e, est

286 2883 2093 112 un historien français d'origine russe. Il utilise

295 2993 1970 101 également le pseudonyme d'Adam Kruczek.
