2550 3300
231 328 2216 124 Selwyn Seyfu Hinds est un scénariste américain pour la

225 442 2052 120 télévision, le cinéma et la bande dessinée, ainsi que

232 536 2004 155 producteur de films. Il a aussi été éditeur et

238 665 2143 160 journaliste, et notamment rédacteur en chef>< du célèbre

223 781 1716 124 magazine de hip-hop américain The Source.

214 924 2143 135 En tant que scénariste, il a été remarqué pour l'épisode

232 1039 2112 172 qu'il a écrit pour le reboot de The Twilight Zone. Il a

238 1155 1983 139 par ailleurs été sélectionné par HBO pour écrire et

227 1283 2040 170 coproduire l'adaptation en série du roman primé de

225 1414 1925 137 Nnedi Okorafor Qui a peur de la mort ?, avec

227 1563 1897 131 George R. R. Martin comme producteur exécutif.

250 1680 2143 195 Maurice Ignace Fresia (en italien Maurizio Ignazio

247 1798 2132 204 Fresia), baron d'Ogliano, d'Oglianto ou d'Oglianico,

231 1953 2067 144 né le 1er août 1746 à Saluces dans la Stura et

231 2093 2084 125 mort le 2 novembre 1826 à Paris, est un général de

210 2201 2050 142 division italien issu d'une famille noble du Piémont.

1164 2784 1066 142 imp_wikitexte_0202
