2550 3300
189 354 1354 121 Nom de référence : imp_wikitexte_0282

196 535 2100 123 Héraios, appelé aussi Heraus ou Heraos, est un souverain Kouchan

198 636 2197 99 d'environ 1 à 30. Il fut probablement le premier des rois kouchans.

198 726 2167 101 Il fut peut-être un allié des Grecs, et partagea le même style de

196 821 2150 90 monnaies. Héraios fut probablement le père de KujulaKadohisès.

198 907 2111 95 La Siata TS est une voiture fabriquée par le constructeur italien

207 1006 890 75 Siata dans les années 60.

196 1081 2143 90 Les Siata des années 1960 utilisaient des composants Fiat, la

195 1160 2187 102 1500 TS dérivant de la berline Fiat 1300/1500, mais sous une robe en

196 1252 2187 86 deux tons et muni d'un moteur à deux carburateurs valant

214 1333 2187 105 94 cv. Dessinée par Giovanni Michelotti, la SIATA 1500 TS Coupé 2+2

203 1416 1037 102 atteignait en pointe 170 km/h.

192 1490 2234 129 La 1500 TS Siata fut aussi produite par la filiale allemande de Fiat,

209 1595 2142 104 Neckar Automobilwerke AG (anciennement Fiaut-NSU)dans son

200 1677 1477 102 usine d'Heilbronn sous le nom Neckar Mistral.

216 1862 1429 116 Portail de l’automobile Portail de l’Italie
