2550 3300
284 361 2046 103 Nom de référence : imp_wikitexte_0093

319 569 1950 107 Riccardo Scarpa, né à Venise le 26 octobre

354 702 2125 112 1905 et mort à Paris le 18 août 1999 à Saint-Calais,

302 822 2209 88 est un dessinateur, sculpteur et médailleur italien.

282 1048 2198 85 Un monde fou, fou, fou, fou (It's a Mad, Mad, Mad, Mad World)

277 1171 2118 110 est un film américain réalisé par Stanley Kramer

284 1268 822 85 et sorti en 1963.

277 1380 2099 94 Ivan Sirko (en ukrainien : - -, en russe : - -), né

316 1498 1967 88 aux alentours de 1610 et mort le 11 août 1680,

275 1618 2130 87 est un chef militaire cosaque, koshovyi ataman de

282 1730 2167 99 l'armée zaporogue et auteur, présumé, de la célèbre

277 1838 2058 98 réplique des Cosaques zaporogues au Sultan, qui

271 1954 2117 81 inspira une toile célèbre d'Ilia Répine. Il est aussi

277 2073 2173 88 un cosaque kharaktérnik, c'est-à-dire un guerrier-

308 2186 932 82 chaman zaporogue.

255 2297 2234 90 Boles-aw Januszowic parfois nommé Boleslas III

299 2409 2231 96 de Varsovie (né vers 1385/86 - mort vers le 4 mai 1424

277 2528 2068 90 ou en 1428 ) est un prince Piast de la lignée

297 2634 962 91 des ducs de Mazovie.
