2550 3300
238 368 1602 86 Nom de référence : imp_wikitexte_0183

236 486 2011 97 Aaron William Cresswell, né le 15 décembre 1989 à

243 573 1905 109 Liverpool, est un footballeur international

242 662 2024 97 anglais >< qui évolue au poste de défenseur

245 742 958 94 à West Ham United.

244 858 2184 101 Nibia Sabalsagaray (10 septembre 1949 - 29 juin 1974)

250 954 2115 82 était une éducatrice et militante uruguayenne.

253 1039 2002 77 Elle a été torturée et tuée par la dictature

256 1136 2145 81 militaire de l'Uruguay qui dirige le pays entre

264 1218 605 85 1973 et 1985.

255 1316 1946 99 Leonid Ivanovitch Timofeïev (- - -), né le 23

253 1411 2065 83 décembre 1903/ 5 janvier 1904 à Moscou et mort

250 1496 2129 82 le 13 septembre 1984 à Moscou, est un spécialiste

250 1573 2002 93 de littérature, théoricien de la littérature et

245 1683 2033 78 traducteur russe. Il est docteur en sciences

266 1767 1031 86 philologiques en 1940.

273 1860 2088 92 Les Desmarestiales sont un ordre d’algues brunes

269 1967 1332 80 de la classe des Phaeophyceae.

280 2059 1915 91 Camomille est un film français réalisé par

293 2170 1369 79 Mehdi Charef et sorti en 1988.

291 2257 2113 99 Saint Abundius (également Abondius, Abundias

299 2366 2155 88 ou Abbondio) (Thessalonique, début du Ve siècle -

302 2464 1838 101 Côme, 469) était un évêque de Côme, en

297 2599 693 68 Italie du Nord.
