2550 3300
132 93 1416 117 Nom de référence: imp_wikitexte_0212

148 269 2201 181 Gheorghe Vr-nceanu (né le 30 juin 1900 à Valea Hogei, un

152 410 2190 163 village de la commune de Lipova dans le jude- de Bac-u, en

154 528 2379 139 Roumanie et mort le 27 avril 1979 à Bucarest) est un mathématicien

159 671 873 158 spécialiste de géométrie.

144 781 2336 151 Purcelliana problematica est une espèce d'araignées aranéomorphes

143 883 1220 159 de la famille des Prodidomidae.

150 993 2335 168 Le Training Squadron 3 (VT-3) ou TRARON THREE  est un escadron

141 1107 2220 166 d'entraînement primaire du Naval Air Training Command de

148 1243 380 117 l'US Navy.

159 1305 2229 165 Créé en 1960, il est basé actuellement à la Naval Air Station

140 1427 2308 194 Whiting Field, en Floride. Il est l'un des six escadrons du Training

155 1567 1189 160 Air Wing Five (TRAWING FIVE).

157 1706 2314 184 L'Ingouri (géorgien : -, Engouri ; abkhaze : -, Egry) est une rivière de

157 1837 2277 135 Géorgie occidentale. Longue de 213 km, elle prend sa source

152 1952 2308 157 au nord-est de la Svanétie, près du Ratcha, et joue un rôle

144 2082 2281 140 important pour la production d’énergie hydroélectrique dans

144 2222 327 119 la région.

152 2319 2018 143 L’année 1946 a été marquée, en philosophie, par les

172 2451 851 104 événements suivants :
