2550 3300
1490 27 725 102 imp_wikitexte_0175

299 322 1945 134 Shapwick est une paroisse civile et un village du Dorset,

288 454 2067 140 en Angleterre. Sega Worldwide Soccer 97 (Sega Worldwide

288 564 2047 101 Soccer PC sur Windows et Victory Goal Worldwide Edition au

286 673 1977 169 Japon) est un jeu vidéo de sport (football) développé par

291 799 2057 125 Team Aquila et édité par Sega, sorti en 1996 sur Windows

289 909 2040 101 et Saturn. >Jean Clad< Jean-Claude Lebensztejn (né en

291 1020 2107 113 1942) est un historien d'art, critique, commissaire d'exposition,

293 1123 1785 123 théoricien, écrivain et traducteur français. Martin

291 1244 2002 145 Petrov, né le 15 janvier 1979 à Vratsa, est un footballeur

283 1358 1986 110 bulgare évoluant au poste de milieu de terrain. Terre

288 1442 1989 142 adélice est l'enseigne d'un fabricant glacier industriel

288 1581 2008 115 français. Cette société est spécialisée dans la fabrication de

313 1702 1997 118 sorbets et de crèmes glacées biologiques. Elle est installée

291 1816 1932 112 à Saint-Sauveur-de-Montagut, dans le département

308 1927 1848 105 de l’Ardèche. François Ferrière né à Genève le 11

297 2032 1925 126 juillet 1752 et mort à Morges  le 25 décembre 1839

341 2156 1276 101 est un  peintre et miniaturiste suisse.
