2550 3300
1658 27 703 99 imp_wikitexte_0128

297 239 2156 133 David Arshakyan, né le 16 août 1994 à Saint-Pétersbourg

284 366 2042 88 en Russie, est un footballeur international arménien,

289 480 2127 97 possédant également la nationalité russe. Il évolue au poste

286 588 2115 99 d'attaquant au Vejle BK. Natale Monferrato (Venise, baptisé

286 701 1975 96 le 5 mai 1610 - Venise, 13 avril 1685) est un compositeur

288 811 1986 102 italien et maître de chapelle de la Cappella Marciana.

291 935 2038 88 Konstantínos Nikólaos Yanno-lis (en grec : - - -), le plus

305 1039 2123 105 souvent appelé Kóstas Yanno-lis (- -), est un footballeur

316 1160 1961 96 grec, né le 9 décembre 1987 à Katerini en Grèce. Il

310 1273 2085 96 évolue actuellement à l'Asteras Tripolis comme arrière

302 1394 344 99 gauche.

293 1503 2057 95 Marc Schnyder, né le 25 septembre 1952 à Genève, est

286 1622 2122 86 un footballeur suisse qui évoluait au poste de milieu

289 1728 2094 96 défensif. Il évolue au sein de l'équipe de Suisse de 1976

306 1844 2071 93 à 1980 et joue uniquement pour le Servette FC. Il met

295 1965 1678 77 un terme à sa carrière de joueur en 1987.

289 2068 2073 89 Chot-nov (en allemand : Chotienau) est une commune

284 2179 2033 103 du district de Svitavy, dans la région de Pardubice,

295 2297 1966 99 en République tchèque. Sa population s'élevait à

315 2405 859 92 134 habitants en 2022.
