2550 3300
1673 66 623 78 imp_wikitexte_0024

317 368 1992 112 La California State Route 35, surnommée la Skyline Boulevard,

306 479 1983 113 est une route de l'État de Californie, aux États-Unis. Orientée

300 587 1815 113 nord-sud, elle se situe dans la région de la baie de San

306 703 1583 112 Francisco et relie San Francisco à Redwood Estates.

321 935 1996 113 Portail de la route.   Portail de la Californie   Portail de San Francisco

315 1043 1980 130 Cheniguel est une commune de la wilaya de Médéa en Algérie.

328 1171 1998 128 La famille des Goodeniaceae (Goodéniacées) regroupe des plantes

302 1294 2009 106 dicotylédones ; elle comprend environ 400 espèces réparties en 11 à

295 1413 321 110 12 genres.

295 1512 2060 123 Ce sont des plantes herbacées, des arbustes ou quelques arbres, annuels

302 1628 1936 124 ou pérennes, parfois à fonction photosynthétique assurée par les

297 1736 2027 123 tiges, des régions tempérées de l'hémisphère sud aux régions tropicales.

308 1859 1950 95 Une minute de soleil en moins est un téléfilm franco-marocain

308 1957 1963 118 réalisé par Nabil Ayouch et diffusé en 2003. Œuvre commanditée

293 2082 1796 108 par la chaîne culturelle Arte, il fait partie de la collection

319 2186 1887 135 " Masculin/Féminin " regroupant les films de dix réalisateurs.
