2550 3300
1940 242 551 104 imp_wikitexte_0126

291 341 1870 86 Karl Moritz Diesing est un naturaliste et zoologiste

308 452 1931 79 autrichien, né le 16 juin 1800 et mort le 10 janvier 1867.

306 570 2018 111 Sa principale œuvre est Systema Helminthum (deux volumes, 1850-

315 677 1930 89 1851) et Revision der Nematoden (1861). C’est dans son article

310 797 2014 77 intitulé « Versuch einer monographie der Gattung Pentastoma »

302 908 1972 89 (Ann. Wien Mus. Naturges. 1836, 1-32) qu’il établit la véritable

295 1015 2001 120 nature des Pentastomida qu’il place dans un nouveau groupe

289 1160 705 61 nommé Acanthotheca.

282 1266 2033 76 Gabriel de Grupello, né le 22 mai 1644 à Grammont et mort à

297 1380 2025 75 Kerkrade le 20 juin 1730, est un sculpteur des Pays-Bas du Sud

319 1476 1926 108 (l'actuelle Belgique) de la fin du XVIIe et du début du XVIIIe

322 1604 228 62 siècle.

300 1712 2026 86 Ildikó Gáll-Pelcz (en hongrois Pelczné Gáll Ildikó « Ildikó Gáll,

306 1807 1959 145 épouse Pelcz »), née le 2 mai 1962 à Szikszó, est une femme

310 1909 1990 138 politique hongroise, membre de la Fidesz-Union civique hongroise

313 2056 1427 68 et membre de la Cour des comptes européenne.

300 2157 1835 85 La Société Canadienne de l'Équité était une association

313 2277 1864 100 d'agriculteurs fondée en 1908, et active dans l'Ouest du

330 2387 1141 85 Canada au début du XXe siècle.
