2550 3300
1847 18 424 79 wikitexte_0055

297 250 1815 82 Le dzé réfléchi (capitale -, minuscule -) est une lettre archaïque de

308 357 1925 105 l'alphabet cyrillique utilisée dans plusieurs manuscrits et inscriptions slaves

321 473 1979 90 méridionales. Le temple protestant de Calais est un édifice religieux situé

316 588 1972 88 rue du Temple à Calais. La paroisse est rattachée à l'Église protestante

310 698 1420 106 unie de France. Supercalifragilisticexpialidocious

335 819 1972 88 (-su-p-r-kæli--fræd-i--l-st-k-kspi-æli--do-s) est une chanson des frères

332 929 1780 88 Sherman figurant dans le film Mary Poppins sorti en 1964. Elle est

324 1045 1950 90 principalement connue pour son titre (présent dix fois dans les paroles), un

324 1152 1846 93 hapax de 34 lettres (en). Rajbrot est une localité polonaise de la

346 1270 1882 94 gmina de Lipnica Murowana, située dans le powiat de Bochnia en

338 1375 1749 124 voïvodie de Petite-Pologne. Maurice Gaït, né le 13 juin 1909 à

335 1496 1884 93 Marseille et mort le 12 novembre 1983 dans le 15e arrondissement de

321 1611 1794 99 Paris, est un journaliste français. Commissaire général à la

327 1721 1826 94 Jeunesse sous le régime de Vichy, il est directeur de Rivarol de

346 1837 1818 93 1973 à sa mort. Guia Lauri Filzi, née le 23 juillet 1943 à

343 1949 1736 94 Buenos Aires, est une actrice de films érotiques argentine

332 2059 674 94 naturalisée italienne.

1463 2274 883 118 (imp_wikitexte_0055)
