2550 3300
264 233 1679 105 Nom de référence: imp_wikitexte_0231

278 469 2013 93 Ali Chouerreb, de son vrai nom Ali Ben Béchir

284 583 2023 135 Essghaier, né le 17 janvier 1930 et mort le

288 684 2000 108 9 mai 1972 à Tunis, est un délinquant

286 806 1983 128 tunisien et figure du banditisme durant

288 920 1201 97 les années 1950 et 1960.

288 1037 2148 103 Sa personnalité complexe, à la fois proche du

280 1158 1954 86 milieu criminel et du milieu mondain, a

277 1270 1907 111 inspiré plusieurs écrivains, dramaturges et

260 1369 2176 132 cinéastes. Prïba 2000 est un groupe belge de rock

267 1492 1943 126 humoristique formé en 1991. Originaire de

271 1583 2055 116 Charleroi, il est composé d'Éric Mazuy au chant,

271 1716 2190 136 Philippe Lepinois à la guitare, Didier Brogneaux à

284 1827 2137 96 la basse et d'Olivier Hachat à la batterie. Ils ont

275 1941 2230 120 travaillé avec d'autres chanteurs belges tels que

258 2049 2068 105 Jean-Luc Fonck, Jeff Bodart ou encore William

269 2167 371 95 Dunker.

280 2273 2062 112 Wi-niew-Kolonia (prononciation : [-vi-ef k-l-a]) est

266 2401 2085 105 un village polonais de la gmina de Wi-niew

264 2509 2053 99 dans le powiat de Siedlce de la voïvodie de

269 2621 1888 99 Mazovie dans le centre-est de la Pologne.

262 2746 2001 108 Le village comptait approximativement une

273 2852 1814 101 population de 287 habitants en 2012.
