<?xml version="1.0" encoding="UTF-8"?>
<alto xmlns:xsi="http://www.w3.org/2001/XMLSchema-instance"
      xmlns="http://www.loc.gov/standards/alto/ns-v4#"
      xsi:schemaLocation="http://www.loc.gov/standards/alto/ns-v4# http://www.loc.gov/standards/alto/v4/alto-4-2.xsd">
  <Description>
    <MeasurementUnit>pixel</MeasurementUnit>
    <sourceImageInformation>
      <fileName>imp_wikitexte_0177.jpg</fileName>
    </sourceImageInformation>
  </Description>
  <Tags>
    <OtherTag ID="BT1" LABEL="Title" DESCRIPTION="block type Title"/><OtherTag ID="BT2" LABEL="Main" DESCRIPTION="block type Main"/><OtherTag ID="BT3" LABEL="Commentary" DESCRIPTION="block type Commentary"/><OtherTag ID="BT4" LABEL="Illustration" DESCRIPTION="block type Illustration"/><OtherTag ID="BT160" LABEL="text" DESCRIPTION="block type text"/>
    <OtherTag ID="LT160" LABEL="default" DESCRIPTION="line type default"/>
  </Tags>
  <Layout>
    <Page WIDTH="2550"
          HEIGHT="3300"
          PHYSICAL_IMG_NR="0"
          ID="eSc_dummypage_">
      <PrintSpace HPOS="0"
                  VPOS="0"
                  WIDTH="2550"
                  HEIGHT="3300">
        <TextBlock HPOS="0"
                   VPOS="300"
                   WIDTH="2548"
                   HEIGHT="2682"
                   ID="eSc_textblock_1caf30f2"
                   TAGREFS="BT160">
          <Shape><Polygon POINTS="177 300 880 374 1625 388 1706 410 1713 489 1773 528 2307 550 2388 601 2461 755 2461 856 2410 892 2324 900 2271 1024 2036 1098 2278 1158 2337 1354 2454 1400 2491 1444 2513 1677 2483 1758 2432 1796 2439 1824 2395 1848 2537 2009 2548 1987 2513 2271 2461 2374 2410 2398 2388 2486 2454 2632 2469 2850 1436 2865 1282 2887 1267 2946 1208 2982 132 2982 36 2975 20 2946 0 2968 0 2926 22 2931 0 2850 0 2053 73 1420 58 1063 88 1024 95 907 95 352 177 300"/></Shape>
          <TextLine ID="eSc_line_920997cd"
                    TAGREFS="LT160"
                    BASELINE="141 430 713 445 1106 467 1682 480" 
                    HPOS="137"
                    VPOS="332"
                    WIDTH="1543"
                    HEIGHT="179">
            <Shape><Polygon POINTS="1625 390 1598 387 1554 387 1540 396 1526 387 1501 387 1468 418 1433 418 1391 385 1350 385 1336 382 1317 404 1292 382 1240 382 1224 398 1204 382 1171 379 1141 407 827 398 816 382 805 382 761 396 588 343 577 343 561 349 478 385 437 341 398 338 385 341 310 382 244 335 140 332 140 429 137 442 299 464 368 451 426 473 434 473 486 453 508 473 519 473 566 456 624 473 756 462 781 478 789 478 905 467 924 486 1039 492 1246 481 1314 500 1323 500 1369 481 1408 495 1488 496 1587 508 1589 511 1653 511 1680 478 1680 404 1653 398"/></Shape>
	    <String CONTENT="Nom de référence: imp_wikitexte_0177"
                    HPOS="137"
                    VPOS="332"
                    WIDTH="1543"
                    HEIGHT="179"></String>
          </TextLine>
          <TextLine ID="eSc_line_6236d1ca"
                    TAGREFS="LT160"
                    BASELINE="144 603 737 616 946 628 1825 641 2370 671" 
                    HPOS="143"
                    VPOS="507"
                    WIDTH="2227"
                    HEIGHT="186">
            <Shape><Polygon POINTS="2364 586 2346 575 2328 564 2326 562 2278 562 2276 562 2274 562 2239 579 2212 590 2014 588 1977 570 1942 553 1940 553 1900 553 1898 553 1896 553 1869 566 1834 583 1799 583 1744 561 1707 548 1706 548 1704 548 1702 548 1673 559 1640 572 1610 557 1586 544 1585 544 1506 544 1504 544 1502 544 1474 551 1425 566 1357 555 1355 555 1306 564 1251 546 1249 546 1247 546 1245 546 1210 559 1144 542 1142 542 1141 542 1076 544 1075 544 1049 557 1014 540 1012 540 1010 540 1008 540 966 559 917 533 909 529 908 529 906 529 904 529 897 533 873 542 843 531 842 531 840 531 838 531 787 555 730 555 691 553 636 524 632 522 631 522 629 522 627 522 623 522 544 548 498 524 497 524 495 524 493 524 451 542 399 515 398 515 396 515 394 515 392 515 390 515 341 529 299 513 297 513 146 507 144 603 143 614 225 632 227 632 286 623 317 638 319 638 321 638 322 638 359 623 365 621 385 623 515 641 517 641 588 630 605 628 625 632 728 652 843 654 845 654 847 654 867 645 900 656 902 656 904 656 906 656 939 645 1029 656 1031 656 1032 656 1058 647 1080 639 1263 645 1309 656 1346 663 1348 663 1394 660 1480 650 1506 663 1507 663 1509 663 1585 671 1586 671 1588 671 1597 667 1608 661 1640 667 1665 672 1667 672 1669 672 1680 669 1724 656 1928 660 1977 680 1988 683 1990 683 2082 687 2084 687 2100 683 2170 669 2366 693 2370 671 2370 590 2364 586"/></Shape>
	    <String CONTENT="NLB banka Beograd (code BELEX : NLCB) est une banque serbe"
                    HPOS="143"
                    VPOS="507"
                    WIDTH="2227"
                    HEIGHT="186"></String>
          </TextLine>
          <TextLine ID="eSc_line_e2f188c6"
                    TAGREFS="LT160"
                    BASELINE="134 727 708 757 1280 773 1440 786 2228 803 2436 817" 
                    HPOS="129"
                    VPOS="651"
                    WIDTH="2305"
                    HEIGHT="196">
            <Shape><Polygon POINTS="132 726 129 756 151 775 162 775 211 750 286 750 506 761 519 778 605 761 693 794 792 797 844 770 954 797 1144 781 1240 814 1565 816 1587 800 1647 827 1741 830 1749 830 1777 814 1840 830 1900 808 1958 825 1986 830 1994 830 2035 811 2101 827 2189 816 2296 847 2307 847 2335 827 2428 841 2434 816 2434 750 2357 709 2291 723 2272 706 2192 706 2153 734 2112 701 2043 701 2002 728 1961 695 1950 695 1881 726 1840 693 1730 690 1677 723 1677 726 1642 726 1578 723 1529 682 1518 682 1455 701 1400 676 1394 676 1284 701 1246 671 1235 671 1202 687 1158 668 1147 668 1114 690 1061 665 1050 665 1020 690 929 698 910 682 899 682 863 695 745 693 712 668 528 684 448 665 371 679 335 665 233 673 176 651 167 651 132 662 132 726"/></Shape>
	    <String CONTENT="qui a son siège social à Belgrade, la capitale de la Serbie."
                    HPOS="129"
                    VPOS="651"
                    WIDTH="2305"
                    HEIGHT="196"></String>
          </TextLine>
          <TextLine ID="eSc_line_04823866"
                    TAGREFS="LT160"
                    BASELINE="126 903 1062 924 1392 955 1632 968 2256 975" 
                    HPOS="126"
                    VPOS="808"
                    WIDTH="2130"
                    HEIGHT="193">
            <Shape><Polygon POINTS="126 903 126 924 188 924 196 925 258 944 260 944 262 944 264 944 300 929 306 927 510 931 519 936 555 957 557 957 559 957 561 957 599 938 610 935 803 938 818 947 831 953 832 953 834 953 862 947 884 944 895 949 931 969 933 969 935 969 937 969 996 953 1020 946 1036 955 1071 973 1073 973 1075 973 1144 958 1185 949 1214 960 1232 968 1234 968 1236 968 1311 964 1317 964 1320 964 1403 982 1405 982 1463 971 1487 984 1489 984 1704 990 1706 990 1707 990 1728 980 1755 991 1757 991 1944 995 1946 995 1948 995 1968 986 1979 980 1994 988 2014 997 2016 997 2084 999 2085 999 2087 999 2111 991 2144 980 2166 993 2181 1001 2183 1001 2184 1001 2254 995 2256 975 2254 913 2122 909 2117 905 2076 883 2074 883 2073 883 2071 883 2028 900 2021 905 1970 905 1957 898 1909 874 1907 874 1906 874 1904 874 1860 892 1858 892 1856 892 1770 867 1768 867 1766 867 1764 867 1724 885 1702 896 1662 883 1645 878 1643 878 1641 878 1640 878 1627 881 1601 887 1570 878 1518 863 1517 863 1515 863 1513 863 1485 874 1449 891 1401 891 1350 867 1344 865 1342 865 1341 865 1330 867 1313 869 1306 865 1252 836 1251 836 1249 836 1247 836 1196 859 1148 881 1093 870 1091 870 1043 880 946 848 944 848 942 848 941 848 915 858 891 845 858 826 856 826 781 825 779 825 777 825 746 837 713 852 671 834 640 821 638 821 636 821 634 821 605 830 548 850 495 825 473 815 471 815 469 815 368 819 308 821 297 815 289 812 288 812 128 808 126 903"/></Shape>
	    <String CONTENT="Elle fait partie du groupe slovène NLB. NLB est un"
                    HPOS="126"
                    VPOS="808"
                    WIDTH="2130"
                    HEIGHT="193"></String>
          </TextLine>
          <TextLine ID="eSc_line_359b0228"
                    TAGREFS="LT160"
                    BASELINE="127 1025 1564 1120" 
                    HPOS="123"
                    VPOS="937"
                    WIDTH="1449"
                    HEIGHT="215">
            <Shape><Polygon POINTS="123 1045 156 1047 156 1050 193 1063 230 1109 299 1086 299 1083 327 1058 407 1102 528 1097 574 1075 693 1111 704 1111 723 1097 778 1113 789 1113 819 1091 920 1152 965 1122 1066 1152 1177 1116 1246 1146 1254 1146 1312 1124 1572 1145 1562 1119 1562 1072 1488 1025 1477 1025 1405 1064 1405 1061 1361 1020 1361 1017 1309 1017 1270 1053 1202 1006 1191 1006 1114 1045 1078 1045 1039 995 965 992 927 1025 850 984 838 984 803 1012 783 1023 750 1023 709 973 624 970 577 1009 305 992 258 946 258 943 247 943 214 959 167 937 159 937 129 948 126 1023"/></Shape>
	    <String CONTENT="sigle pour Nova Ljubljanska banka."
                    HPOS="123"
                    VPOS="937"
                    WIDTH="1449"
                    HEIGHT="215"></String>
          </TextLine>
          <TextLine ID="eSc_line_5e29525b"
                    TAGREFS="LT160"
                    BASELINE="128 1188 1594 1266 1959 1266 2287 1292" 
                    HPOS="126"
                    VPOS="1089"
                    WIDTH="2163"
                    HEIGHT="233">
            <Shape><Polygon POINTS="2184 1191 2183 1191 2181 1191 2166 1197 2150 1204 2135 1195 2122 1188 2120 1188 2118 1188 2010 1182 2008 1182 2006 1182 1992 1188 1928 1215 1849 1180 1825 1171 1823 1171 1821 1171 1819 1171 1797 1178 1718 1204 1583 1199 1524 1164 1518 1162 1517 1162 1515 1162 1513 1162 1507 1164 1436 1189 1357 1158 1355 1158 1353 1158 1352 1158 1298 1182 1236 1180 1181 1147 1179 1145 1177 1145 1175 1145 1174 1145 1172 1145 1168 1145 1120 1166 1084 1145 1082 1145 1080 1145 1078 1145 1062 1153 1040 1144 1038 1144 1036 1144 1034 1144 983 1166 944 1142 942 1142 941 1142 939 1142 937 1142 915 1153 878 1131 862 1122 860 1122 858 1122 856 1122 854 1122 834 1129 768 1155 658 1151 629 1149 572 1116 552 1105 550 1105 548 1105 546 1105 522 1112 511 1116 498 1112 465 1101 464 1101 462 1101 460 1101 442 1109 385 1134 328 1103 306 1092 304 1092 302 1092 300 1092 275 1101 216 1122 168 1096 155 1089 154 1089 152 1089 132 1092 128 1188 126 1195 209 1213 210 1213 255 1202 267 1200 275 1204 346 1243 348 1243 377 1244 400 1257 449 1246 449 1244 451 1244 508 1217 519 1213 543 1219 693 1261 736 1293 807 1266 809 1266 810 1266 865 1241 904 1259 906 1259 908 1259 909 1259 961 1243 977 1239 1003 1246 1045 1257 1047 1257 1049 1257 1051 1257 1069 1250 1075 1248 1080 1250 1188 1287 1267 1322 1341 1294 1342 1294 1344 1294 1379 1281 1427 1294 1429 1294 1430 1294 1432 1294 1484 1274 1496 1268 1515 1276 1553 1288 1555 1288 1557 1288 1623 1288 1682 1305 1684 1305 1685 1305 1687 1305 1729 1287 1753 1277 2063 1292 2093 1307 2106 1314 2107 1314 2109 1314 2131 1310 2179 1299 2285 1318 2287 1292 2289 1210 2287 1202"/></Shape>
	    <String CONTENT="Le Royal Racing Club Stockay-Warfusée est un club de"
                    HPOS="126"
                    VPOS="1089"
                    WIDTH="2163"
                    HEIGHT="233"></String>
          </TextLine>
          <TextLine ID="eSc_line_e3e23363"
                    TAGREFS="LT160"
                    BASELINE="123 1329 449 1360 731 1373 1159 1378 1405 1404 1746 1422 1882 1446 2036 1457 2456 1466" 
                    HPOS="118"
                    VPOS="1234"
                    WIDTH="2335"
                    HEIGHT="276">
            <Shape><Polygon POINTS="118 1347 379 1361 462 1402 571 1403 717 1405 742 1386 861 1419 869 1419 927 1399 960 1391 1328 1408 1372 1430 1383 1432 1460 1416 1622 1449 1631 1449 1655 1430 1688 1454 1702 1454 1722 1441 1827 1489 1914 1460 1953 1476 2090 1468 2313 1510 2448 1496 2453 1465 2453 1405 2244 1394 2178 1339 2164 1339 2087 1383 1848 1375 1810 1355 1793 1350 1741 1358 1702 1328 1688 1328 1658 1350 1622 1320 1609 1320 1573 1344 1512 1303 1501 1303 1433 1333 1389 1298 1339 1298 1276 1339 1199 1339 1075 1306 1039 1314 968 1276 902 1276 844 1311 792 1267 781 1267 698 1309 618 1259 607 1259 539 1292 492 1254 123 1234 121 1328"/></Shape>
	    <String CONTENT="football belge, basé dans la commune de Saint-Georges-sur-Meuse, en"
                    HPOS="118"
                    VPOS="1234"
                    WIDTH="2335"
                    HEIGHT="276"></String>
          </TextLine>
          <TextLine ID="eSc_line_5a0b993b"
                    TAGREFS="LT160"
                    BASELINE="128 1455 275 1453 744 1514 990 1532 1284 1543 1491 1565 2331 1604 2469 1617" 
                    HPOS="126"
                    VPOS="1389"
                    WIDTH="2346"
                    HEIGHT="261">
            <Shape><Polygon POINTS="126 1486 190 1477 498 1496 526 1510 528 1510 530 1510 603 1510 627 1521 645 1532 685 1546 730 1538 731 1538 766 1532 794 1527 823 1536 845 1543 847 1543 849 1543 886 1540 898 1540 913 1541 961 1552 963 1552 990 1547 1020 1541 1049 1552 1073 1560 1075 1560 1076 1560 1106 1556 1161 1547 1194 1560 1196 1560 1197 1560 1342 1584 1407 1576 1412 1578 1414 1578 1416 1578 1421 1578 1465 1569 1493 1582 1502 1587 1672 1622 1790 1606 1792 1606 1794 1606 1801 1604 1834 1595 1885 1609 1887 1609 1889 1609 1975 1596 2118 1624 2120 1624 2122 1624 2170 1611 2210 1628 2212 1628 2214 1628 2216 1628 2263 1611 2302 1624 2304 1624 2306 1624 2373 1624 2461 1650 2469 1617 2472 1530 2296 1516 2295 1516 2293 1516 2285 1518 2252 1532 2219 1514 2212 1510 2210 1510 2172 1508 2170 1508 2168 1508 2161 1510 2115 1529 2058 1505 2045 1499 2043 1499 2041 1499 2040 1499 2027 1503 1959 1521 1889 1494 1873 1488 1871 1488 1869 1488 1849 1492 1799 1503 1772 1486 1759 1481 1757 1481 1755 1481 1753 1481 1737 1485 1676 1503 1586 1475 1559 1468 1557 1468 1555 1468 1531 1474 1478 1485 1419 1466 1390 1457 1388 1457 1386 1457 1385 1457 1363 1463 1306 1477 1243 1455 1241 1455 1240 1455 1238 1455 1234 1455 1135 1468 996 1461 948 1441 946 1441 944 1441 893 1452 849 1431 823 1420 821 1420 820 1420 818 1420 788 1428 735 1442 631 1431 603 1417 581 1406 579 1406 577 1406 576 1406 552 1413 537 1419 515 1411 471 1398 469 1398 467 1398 465 1398 438 1408 394 1420 273 1402 271 1402 229 1409 132 1389 128 1455"/></Shape>
	    <String CONTENT="province de Liège. Fondé en 1935, le club porte le matricule 2239."
                    HPOS="126"
                    VPOS="1389"
                    WIDTH="2346"
                    HEIGHT="261"></String>
          </TextLine>
          <TextLine ID="eSc_line_34022d87"
                    TAGREFS="LT160"
                    BASELINE="87 1617 1695 1745 2063 1758 2373 1758" 
                    HPOS="82"
                    VPOS="1515"
                    WIDTH="2301"
                    HEIGHT="294">
            <Shape><Polygon POINTS="1804 1647 1777 1663 1749 1652 1680 1663 1457 1685 1402 1694 1397 1652 1367 1652 1331 1622 1320 1622 1284 1633 1246 1597 1067 1611 1020 1581 1009 1581 968 1600 943 1578 797 1567 720 1603 616 1581 610 1581 585 1592 539 1562 525 1562 503 1578 459 1540 354 1551 294 1529 286 1529 209 1562 129 1515 90 1520 85 1617 82 1628 220 1658 255 1644 316 1663 393 1652 437 1674 495 1661 613 1691 748 1699 800 1683 808 1683 918 1710 971 1696 1078 1705 1136 1729 1246 1716 1268 1735 1435 1751 1482 1738 1501 1754 1501 1757 1628 1749 1650 1765 1650 1768 1837 1762 2065 1798 2129 1782 2247 1787 2288 1809 2365 1798 2371 1757 2383 1709 2321 1691 2310 1691 2252 1716 2156 1688 2148 1688 2115 1705 2024 1702 1950 1650 1939 1650 1895 1663 1826 1641 1821 1641 1818 1647"/></Shape>
	    <String CONTENT="Lors de la saison 2018-2019, il évolue en D2 Amateur, ce qui"
                    HPOS="82"
                    VPOS="1515"
                    WIDTH="2301"
                    HEIGHT="294"></String>
          </TextLine>
          <TextLine ID="eSc_line_2c69051d"
                    TAGREFS="LT160"
                    BASELINE="77 1732 374 1778 665 1791 790 1816 1031 1827 1335 1860 1881 1901" 
                    HPOS="71"
                    VPOS="1661"
                    WIDTH="1810"
                    HEIGHT="267">
            <Shape><Polygon POINTS="71 1754 170 1762 220 1787 280 1773 321 1795 437 1787 530 1815 541 1815 561 1798 657 1804 662 1809 723 1831 888 1845 929 1831 946 1850 954 1853 1103 1853 1188 1872 1279 1861 1336 1886 1422 1881 1477 1897 1485 1897 1529 1883 1562 1903 1735 1903 1812 1927 1879 1928 1878 1900 1881 1850 1790 1798 1697 1820 1655 1787 1587 1782 1507 1817 1463 1815 1438 1787 1427 1787 1375 1790 1320 1768 1306 1768 1268 1795 1204 1793 1138 1740 1094 1738 1048 1771 1004 1732 1004 1729 951 1727 883 1762 739 1746 640 1696 566 1694 519 1724 481 1707 470 1707 448 1724 363 1718 338 1688 319 1672 319 1669 225 1661 217 1661 181 1691 123 1661 77 1661 74 1729"/></Shape>
	    <String CONTENT="constitue sa 7e saison dans les séries nationales."
                    HPOS="71"
                    VPOS="1661"
                    WIDTH="1810"
                    HEIGHT="267"></String>
          </TextLine>
          <TextLine ID="eSc_line_d2a8e072"
                    TAGREFS="LT160"
                    BASELINE="95 1871 432 1919 682 1936 820 1958 1093 1965 1199 1983 2518 2075" 
                    HPOS="88"
                    VPOS="1790"
                    WIDTH="2428"
                    HEIGHT="319">
            <Shape><Polygon POINTS="2508 1980 2505 1977 2351 1952 2285 1980 2228 1944 2093 1933 2087 1933 1986 1977 1900 1930 1892 1930 1823 1966 1741 1925 1730 1925 1680 1955 1603 1952 1540 1908 1529 1908 1468 1938 1298 1930 1204 1914 1149 1867 1138 1867 1103 1883 1075 1861 1064 1861 995 1900 924 1900 833 1848 827 1842 816 1842 728 1886 657 1883 605 1875 541 1831 530 1831 481 1853 429 1812 418 1812 335 1837 280 1801 96 1790 93 1870 88 1908 272 1919 349 1958 464 1936 844 1993 938 1971 990 2004 1287 2002 1328 2029 1339 2029 1397 2015 1457 2037 1466 2037 1499 2018 1529 2043 1617 2035 1752 2059 1823 2035 1900 2070 2005 2076 2013 2076 2054 2051 2129 2079 2137 2079 2175 2062 2203 2076 2269 2068 2313 2101 2324 2101 2393 2079 2478 2109 2486 2109 2514 2098 2516 1988 2508 1980"/></Shape>
	    <String CONTENT="Maithripala Sirisena (en singhalais : - -; en tamoul : - -), né le 3 septembre"
                    HPOS="88"
                    VPOS="1790"
                    WIDTH="2428"
                    HEIGHT="319"></String>
          </TextLine>
          <TextLine ID="eSc_line_f9dba86a"
                    TAGREFS="LT160"
                    BASELINE="73 2040 761 2106 1113 2115 1570 2141 1751 2163 2225 2178 2480 2201" 
                    HPOS="68"
                    VPOS="1952"
                    WIDTH="2413"
                    HEIGHT="283">
            <Shape><Polygon POINTS="71 2037 68 2054 228 2090 275 2070 324 2092 401 2079 437 2106 764 2128 838 2114 880 2136 962 2117 1001 2142 1105 2139 1130 2153 1141 2153 1199 2134 1383 2169 1433 2153 1435 2150 1474 2169 1573 2161 1666 2186 1669 2189 1991 2189 2030 2216 2041 2216 2101 2200 2351 2211 2428 2235 2437 2235 2475 2224 2478 2200 2481 2134 2437 2103 2266 2106 2184 2087 2041 2114 1988 2076 1977 2076 1917 2106 1840 2073 1730 2092 1683 2057 1672 2057 1622 2076 1587 2048 1576 2048 1526 2076 1460 2076 1405 2032 1240 2021 1160 2054 1050 2048 1001 2004 990 2004 885 2035 830 2032 797 2004 786 2004 748 2024 676 2021 610 1977 599 1977 530 2010 470 1969 459 1969 368 1999 330 1980 269 1991 198 1952 74 1955 71 2037"/></Shape>
	    <String CONTENT="1951 à Yagoda, est un homme d&#x27;État sri-lankais. Il est président de"
                    HPOS="68"
                    VPOS="1952"
                    WIDTH="2413"
                    HEIGHT="283"></String>
          </TextLine>
          <TextLine ID="eSc_line_a0570142"
                    TAGREFS="LT160"
                    BASELINE="60 2190 273 2198 625 2242 1109 2247 1377 2266 1673 2267 2063 2289" 
                    HPOS="58"
                    VPOS="2115"
                    WIDTH="2007"
                    HEIGHT="196">
            <Shape><Polygon POINTS="58 2205 185 2211 188 2212 277 2245 278 2245 280 2245 282 2245 311 2231 385 2231 431 2253 432 2253 559 2258 561 2258 563 2258 590 2245 623 2262 625 2262 717 2266 719 2266 720 2266 744 2255 768 2267 770 2267 850 2302 898 2275 1047 2258 1086 2255 1126 2262 1208 2280 1210 2280 1212 2280 1254 2269 1278 2264 1302 2271 1372 2297 1374 2297 1375 2297 1377 2297 1432 2278 1451 2273 1463 2280 1487 2295 1489 2295 1491 2295 1493 2295 1495 2295 1531 2284 1557 2277 1713 2293 1843 2308 1845 2308 1847 2308 1867 2302 1896 2293 1931 2306 1948 2311 1950 2311 1951 2311 1977 2308 2014 2302 2062 2311 2063 2289 2065 2229 2016 2209 2014 2209 1937 2203 1935 2203 1867 2220 1832 2227 1812 2216 1779 2196 1777 2196 1775 2196 1773 2196 1772 2196 1733 2211 1702 2225 1594 2225 1550 2200 1533 2192 1531 2192 1482 2185 1480 2185 1478 2185 1454 2194 1405 2216 1295 2212 1245 2183 1238 2178 1236 2178 1234 2178 1232 2178 1208 2181 1166 2187 1146 2178 1122 2165 1120 2165 1119 2165 1117 2165 1095 2174 1043 2198 858 2192 803 2157 798 2154 796 2154 794 2154 792 2154 790 2154 785 2156 720 2183 654 2157 653 2157 651 2157 649 2157 603 2178 510 2176 447 2137 443 2134 442 2134 440 2134 330 2128 328 2128 319 2130 264 2126 212 2124 210 2124 209 2124 207 2124 205 2124 172 2139 139 2119 137 2119 135 2119 62 2115 60 2190"/></Shape>
	    <String CONTENT="la République du 9 janvier 2015 au 18 novembre 2019."
                    HPOS="58"
                    VPOS="2115"
                    WIDTH="2007"
                    HEIGHT="196"></String>
          </TextLine>
          <TextLine ID="eSc_line_548a9019"
                    TAGREFS="LT160"
                    BASELINE="25 2355 451 2355 717 2387 1451 2396 1948 2425 2331 2432" 
                    HPOS="23"
                    VPOS="2264"
                    WIDTH="2310"
                    HEIGHT="185">
            <Shape><Polygon POINTS="25 2355 23 2368 113 2372 133 2385 135 2385 137 2385 139 2385 141 2385 163 2376 199 2376 453 2379 489 2385 614 2403 616 2403 618 2403 660 2392 673 2388 684 2392 724 2409 726 2409 818 2410 820 2410 821 2410 867 2399 875 2398 889 2399 957 2410 959 2410 961 2410 985 2403 997 2399 1018 2403 1076 2418 1078 2418 1080 2418 1104 2407 1119 2399 1135 2409 1141 2410 1142 2410 1144 2410 1196 2410 1392 2407 1441 2420 1460 2423 1462 2423 1463 2423 1480 2420 1524 2410 1579 2423 1603 2429 1605 2429 1641 2425 1728 2418 1768 2431 1794 2438 1796 2438 1797 2438 1799 2438 1814 2432 1834 2423 1854 2432 1867 2440 1869 2440 2328 2449 2331 2432 2333 2333 2304 2324 2302 2324 2300 2324 2298 2324 2280 2332 2245 2346 2208 2330 2184 2321 2183 2321 2181 2321 2179 2321 2157 2330 2126 2343 2073 2328 2045 2321 2043 2321 2041 2321 2040 2321 2023 2328 1983 2346 1928 2346 1882 2324 1876 2322 1874 2322 1873 2322 1862 2324 1790 2341 1581 2319 1570 2319 1568 2319 1566 2319 1564 2319 1524 2333 1474 2333 1443 2317 1421 2306 1419 2306 1418 2306 1416 2306 1392 2315 1363 2330 1322 2330 1282 2313 1256 2304 1254 2304 1252 2304 1251 2304 1229 2313 1212 2319 1196 2311 1159 2299 1157 2299 1155 2299 1153 2299 1124 2311 1102 2321 1080 2310 1040 2289 1038 2289 1036 2289 1034 2289 986 2308 963 2319 922 2319 889 2306 843 2291 842 2291 840 2291 838 2291 796 2304 776 2311 759 2304 709 2280 708 2280 706 2280 704 2280 645 2302 643 2302 585 2277 583 2277 581 2277 495 2289 454 2273 453 2273 352 2271 350 2271 348 2271 289 2295 234 2267 232 2267 117 2264 115 2264 113 2264 25 2289 25 2355"/></Shape>
	    <String CONTENT="William Nuckles Doak, né le 12 décembre 1882 à Rural Retreat"
                    HPOS="23"
                    VPOS="2264"
                    WIDTH="2310"
                    HEIGHT="185"></String>
          </TextLine>
          <TextLine ID="eSc_line_a5999665"
                    TAGREFS="LT160"
                    BASELINE="18 2482 983 2506 1449 2535 1940 2542 2366 2590" 
                    HPOS="13"
                    VPOS="2381"
                    WIDTH="2352"
                    HEIGHT="225">
            <Shape><Polygon POINTS="13 2494 30 2508 156 2519 294 2505 448 2521 484 2508 651 2510 668 2527 1009 2527 1196 2552 1221 2549 1265 2538 1298 2560 1422 2549 1452 2568 1463 2568 1523 2549 1600 2574 1609 2574 1669 2557 1746 2574 1848 2560 1939 2587 2142 2606 2222 2598 2244 2598 2263 2585 2362 2604 2365 2587 2365 2508 2283 2502 2250 2477 2239 2477 2170 2497 2126 2461 2115 2461 2032 2491 1867 2450 1724 2480 1650 2442 1551 2439 1499 2472 1441 2472 1290 2433 1284 2433 1229 2461 1191 2461 1149 2425 1081 2420 1075 2420 1012 2453 938 2414 872 2414 830 2439 830 2442 792 2409 781 2409 712 2436 679 2411 668 2411 588 2436 519 2436 442 2395 431 2395 390 2422 354 2392 343 2392 253 2422 217 2409 195 2411 162 2420 118 2384 41 2381 19 2395 16 2480"/></Shape>
	    <String CONTENT="(Virginie) et mort le 23 octobre 1933 à McLean (Virginie), est un"
                    HPOS="13"
                    VPOS="2381"
                    WIDTH="2352"
                    HEIGHT="225"></String>
          </TextLine>
          <TextLine ID="eSc_line_3b9f9e0a"
                    TAGREFS="LT160"
                    BASELINE="27 2629 915 2638 1263 2662 1550 2671 2405 2682" 
                    HPOS="25"
                    VPOS="2546"
                    WIDTH="2380"
                    HEIGHT="169">
            <Shape><Polygon POINTS="183 2647 190 2651 295 2680 297 2680 299 2680 300 2680 348 2663 407 2682 409 2682 410 2682 550 2680 552 2680 618 2660 631 2656 684 2662 765 2669 766 2669 862 2665 952 2662 963 2667 977 2674 979 2674 981 2674 983 2674 997 2669 1008 2663 1142 2663 1175 2673 1254 2691 1256 2691 1258 2691 1300 2674 1306 2673 1315 2676 1344 2687 1346 2687 1348 2687 1427 2678 1462 2674 1482 2680 1559 2700 1561 2700 1563 2700 1654 2696 1656 2696 1684 2684 1696 2678 1711 2684 1753 2704 1755 2704 1757 2704 2087 2693 2122 2693 2126 2695 2161 2709 2162 2709 2221 2711 2223 2711 2225 2711 2260 2696 2261 2696 2263 2696 2295 2713 2296 2713 2298 2715 2375 2715 2375 2713 2377 2713 2403 2700 2405 2682 2405 2621 2373 2610 2372 2610 2370 2610 2287 2618 2272 2618 2269 2616 2242 2610 2208 2590 2206 2590 2205 2590 2151 2612 2142 2616 2021 2616 2008 2608 1946 2577 1944 2577 1942 2577 1885 2579 1884 2579 1827 2603 1807 2610 1737 2601 1735 2601 1662 2608 1636 2596 1605 2581 1603 2581 1601 2581 1599 2581 1572 2592 1517 2570 1515 2570 1513 2570 1427 2585 1394 2568 1392 2568 1320 2568 1319 2568 1317 2568 1275 2585 1249 2596 1223 2583 1185 2564 1183 2564 1181 2564 1179 2564 1133 2581 1115 2586 1095 2579 1053 2563 1051 2563 1049 2563 1047 2563 1016 2577 983 2592 950 2577 948 2577 946 2577 825 2579 777 2570 770 2568 768 2568 761 2568 629 2592 522 2592 458 2559 447 2553 445 2553 299 2550 297 2550 295 2550 284 2553 188 2585 143 2585 67 2546 66 2546 64 2546 29 2546 27 2629 25 2645"/></Shape>
	    <String CONTENT="homme politique américain. Membre du Parti républicain, il est"
                    HPOS="25"
                    VPOS="2546"
                    WIDTH="2380"
                    HEIGHT="169"></String>
          </TextLine>
          <TextLine ID="eSc_line_4965507d"
                    TAGREFS="LT160"
                    BASELINE="40 2773 1252 2783 1700 2805 2456 2823" 
                    HPOS="38"
                    VPOS="2674"
                    WIDTH="2418"
                    HEIGHT="167">
            <Shape><Polygon POINTS="38 2788 179 2792 255 2808 256 2810 381 2810 381 2808 383 2808 423 2797 447 2792 476 2799 517 2808 519 2808 559 2801 588 2795 649 2803 715 2810 717 2810 719 2810 735 2805 748 2801 798 2806 843 2810 845 2810 847 2810 860 2806 895 2799 948 2808 950 2808 952 2808 1271 2805 1452 2806 1482 2821 1487 2823 1489 2823 1491 2823 1493 2823 1500 2821 1528 2814 1601 2823 1630 2827 1632 2827 1634 2827 1641 2825 1660 2817 1713 2827 1755 2832 1757 2832 1865 2828 1968 2827 1979 2832 1986 2836 1988 2836 1990 2836 2017 2832 2051 2828 2452 2841 2456 2823 2456 2759 2372 2757 2372 2755 2309 2726 2307 2726 2306 2726 2304 2726 2274 2739 2221 2715 2219 2715 2217 2715 2216 2715 2111 2748 2100 2751 2062 2751 2054 2748 1975 2711 1973 2711 1917 2711 1915 2711 1913 2711 1825 2740 1808 2746 1794 2740 1726 2707 1724 2707 1722 2707 1660 2722 1625 2706 1623 2706 1390 2702 1388 2702 1386 2702 1348 2717 1302 2702 1300 2702 1192 2700 1190 2700 1188 2700 1133 2722 1122 2726 1109 2720 1042 2696 1040 2696 999 2696 997 2696 996 2696 946 2717 937 2720 924 2717 856 2695 854 2695 853 2695 851 2695 807 2713 766 2731 733 2731 694 2680 642 2675 599 2674 618 2728 366 2726 306 2700 273 2685 271 2685 269 2685 267 2685 223 2696 137 2720 80 2693 71 2689 69 2689 67 2689 40 2691 40 2773"/></Shape>
	    <String CONTENT="secrétaire au Travail entre 1930 et 1933 dans l&#x27;administration"
                    HPOS="38"
                    VPOS="2674"
                    WIDTH="2418"
                    HEIGHT="167"></String>
          </TextLine>
          <TextLine ID="eSc_line_477ecda7"
                    TAGREFS="LT160"
                    BASELINE="38 2913 425 2916 658 2935 1218 2949" 
                    HPOS="36"
                    VPOS="2828"
                    WIDTH="1182"
                    HEIGHT="147">
            <Shape><Polygon POINTS="36 2929 110 2935 126 2951 126 2953 128 2953 130 2953 132 2953 133 2953 135 2953 150 2942 163 2951 163 2953 165 2953 166 2953 253 2955 255 2955 256 2955 291 2938 297 2937 304 2938 339 2953 341 2953 343 2953 344 2953 346 2953 361 2940 365 2937 398 2937 443 2937 453 2944 464 2953 465 2953 467 2953 469 2953 471 2953 491 2946 506 2940 576 2940 607 2949 671 2966 673 2966 675 2966 676 2966 678 2966 697 2953 708 2946 724 2953 761 2970 763 2970 765 2971 812 2971 812 2970 814 2970 816 2970 816 2968 829 2957 832 2953 840 2957 856 2966 858 2966 860 2966 862 2966 864 2966 871 2959 882 2951 924 2951 937 2960 946 2970 948 2970 950 2970 952 2971 1163 2971 1163 2970 1164 2970 1166 2970 1166 2968 1175 2960 1185 2970 1190 2973 1190 2975 1192 2975 1194 2975 1196 2975 1197 2975 1216 2970 1218 2949 1218 2896 1153 2882 1152 2882 1150 2882 1148 2882 1135 2893 1133 2893 1043 2893 1040 2889 1005 2854 1005 2852 1003 2852 1001 2852 999 2852 946 2860 944 2860 942 2860 942 2861 917 2883 911 2889 891 2889 886 2883 853 2850 853 2849 851 2849 849 2849 847 2849 845 2849 785 2878 776 2883 772 2878 739 2847 739 2845 737 2845 735 2845 709 2845 708 2845 706 2845 704 2845 675 2871 649 2845 649 2843 647 2843 645 2843 574 2841 572 2841 570 2841 568 2841 537 2869 532 2874 524 2869 493 2841 493 2839 491 2839 489 2839 487 2839 486 2839 484 2839 442 2865 438 2867 436 2865 407 2838 407 2836 405 2836 403 2836 357 2836 355 2836 354 2836 306 2860 287 2847 231 2867 220 2856 214 2852 212 2852 210 2852 209 2852 207 2852 205 2852 199 2856 181 2869 135 2869 121 2852 97 2830 97 2828 95 2828 93 2828 62 2828 60 2828 58 2828 56 2828 38 2843 38 2913"/></Shape>
	    <String CONTENT="du président Herbert Hoover."
                    HPOS="36"
                    VPOS="2828"
                    WIDTH="1182"
                    HEIGHT="147"></String>
          </TextLine>
        </TextBlock>
        <TextBlock HPOS="146"
                   VPOS="183"
                   WIDTH="2213"
                   HEIGHT="93"
                   ID="eSc_textblock_aa39700f"
                   TAGREFS="BT160">
          <Shape><Polygon POINTS="177 183 638 220 2351 198 2359 225 2148 232 2065 269 183 276 146 254 177 183"/></Shape>
        </TextBlock>
      </PrintSpace>
    </Page>
  </Layout>
</alto>
