2550 3300
275 218 834 110 imp_wikitexte_0226

284 335 1752 117 Résultats des épreuves de basket-ball

273 463 2229 147 aux Jeux olympiques d'été de 1984 à Los Angeles.

275 566 2186 108 Kisseliovsk (en russe : -) est une ville de l'oblast

242 696 2087 108 de Kemerovo, en Russie. Sa population s'élève à

258 794 1293 105 95 781 habitants en 2013.

275 887 2131 146 Claude André Deseine est un sculpteur français

269 1034 2169 93 né en 1740 à Paris et mort le 30 décembre 1823

256 1140 2255 137 au Petit-Gentilly (alors hameau de la commune

264 1248 2126 146 de Gentilly, actuellement dans le 13e arron-

269 1376 998 94 dissement de Paris).

267 1472 2128 115 Michel Édouard Méthot (28 juillet 1826 - 6 février

269 1591 2046 114 1892) fut prêtre, professeur et recteur de l'

269 1695 1609 114 Université Laval à trois reprises.

275 1814 2051 114 Il est ordonné prêtre au séminaire de

277 1941 2080 153 Québec le 30 septembre 1849. Il y exerce les

273 2060 2154 127 fonctions de  professeur de rhétorique, préfet

277 2159 2041 103 des études et directeur des ecclésiastiques.

278 2280 1941 97 Son rectorat à l'Université Laval se

280 2366 1886 136 déroule en trois périodes (1866-1869,

288 2513 2098 103 1880-1883, 1886-1887). Il a aussi occupé

271 2614 2101 144 la charge de vice-rectorat de la succursale

269 2721 2156 117 de l'Université Laval à Montréal (1878-1880).
