2550 3300
1573 38 374 94 ref. 0149

161 293 2282 101 Alexandre Charles Pascal est un homme politique français né le 9 juin 1751

155 396 1945 108 à Grenoble (Isère) et décédé le 1er décembre 1818 à Grenoble.

165 509 2300 134 Ryan Mmaee, né le 1er novembre 1997 à Grammont (Belgique) est un

195 624 2305 135 footballeur international marocain, évoluant au poste d'attaquant au

196 746 2154 148 Stoke City. Formé au Standard de Liège en Belgique, il est

211 896 2209 138 prêté au Waasland-Beveren et AGF Aarhus avant de s'engager

181 1043 2183 130 à l'AEL Limassol à Chypre en 2019. Il y devient un joueur

176 1151 2273 165 important et est élu meilleur joueur du club en 2020-2021, obtenant

176 1310 2251 123 en juillet 2021 un transfert au Ferencváros TC, club avec lequel

174 1439 2053 132 il remporte le championnat et la Coupe de Hongrie en 2022.

190 1636 2268 144 Ryan Mmaee possède également la nationalité belge. Il reçoit

209 1794 2260 120 une convocation en équipe du Maroc pour un match amical en 2016.

187 1925 2338 183 Après avoir honoré deux sélections en équipe de Belgique espoirs en 2017,

172 2046 2304 174 il opte définitivement en faveur de la sélection du Maroc, convaincu par

165 2222 2357 170 son sélectionneur Vahid Halilhod-i-. Il est le frère et coéquipier

189 2389 1725 130 en club comme en sélection de Samy Mmaee.

291 34 644 92 imp_wikitexte_
