2550 3300
234 245 1598 94 Nom de référence: imp_wikitexte_0283

225 352 2262 99 Mohamed Ibrahim Egal (en somali : Maxamed Ibraahim Cigaal), né le

217 470 2297 96 15 août 1928 à Oodweyne (Somalie britannique) et mort le 3 mai 2002

223 586 2262 101 à Pretoria (Afrique du Sud) est un homme politique somalien. Il a

217 701 2294 82 été le deuxième président du Somaliland après Abdirahman Ahmed

206 816 2247 80 Ali Tuur. Le procès des frères Snow est un procès qui a eu lieu

209 935 2313 90 lors du printemps de l'année 1847. Il a opposé un vieil homme

205 1045 2330 97 nommé Cass (défendu par Abraham Lincoln), aux deux frères Snow.

198 1163 2241 93 En effet ces derniers auraient acquis un attelage d'une charrue

198 1273 2277 96 et deux boeufs à Case sans payer la note, avançant le fait qu'ils

196 1397 2232 88 étaient mineurs et que ça les en dispensait. Ils ont également

190 1507 2334 82 soutenu que Cass était au courant de leur minorité. Carmen Edna

187 1614 2258 85 Maisonave, connue sous le nom de scène Edna Maison (née le

203 1728 2086 90 17 août 1892 à San Francisco, Californie et morte le

195 1837 2189 110 11 janvier 1946  à Hollywood, en Californie) est une actrice

195 1958 1760 79 américaine de la période du cinéma muet.
