2550 3300
1849 256 565 86 imp_wikitexte_0165

280 374 2038 112 Châteauneuf-les-Bains est une commune française située dans le

273 487 2003 102 département du Puy-de-Dôme, en région Auvergne-Rhône-Alpes.

271 573 2024 137 Camillo Golgi (7 juillet 1843 à Corteno, province de Brescia, Italie -

278 691 2099 112 21 janvier 1926 à Pavie, Italie) est un médecin italien. Il est colauréat

280 819 2128 105 avec Santiago Ramón y Cajal du prix Nobel de physiologie ou médecine

277 944 1984 71 de 1906 « en reconnaissance de leurs travaux sur la structure du

284 1052 605 88 système nerveux ».

286 1163 2038 121 Le fleuve Netravati est un cours d'eau indien qui coule dans

288 1268 2007 107 l'Etat du Karnataka, au sud-ouest du pays. Il se joint

280 1393 2097 120 au Kumaradhara [en] juste avant de se jeter dans la Mer

288 1512 403 72 d'Arabie.

295 1607 2088 131 Arthur Gilbert (1er janvier 1879-1er juillet 1932) fut un agriculteur,

286 1734 1836 99 marchand et homme politique fédéral du Québec.

295 1842 1948 123 Nelfa Querubin, née à Concepcion en 1941, est une

282 1963 2046 115 céramiste philippine active aux États-Unis. Elle est aussi

289 2071 1573 81 connue comme Nelfa Querubin-Tompkins.

310 2178 1904 104 René Claude Cressonnier est un homme politique français

286 2282 1939 99 né le 21 décembre 1765 à Auneuil (Oise) et décédé le 7

293 2414 1194 83 janvier 1841 dans la même commune.
