2550 3300
370 221 1701 107 Nom de référence: imp_wikitexte_0310

379 429 1931 134 Jim Walmsley est un athlète américain ne le

398 555 1912 110 17 janvier 1990. Spécialiste de l'ultra-trail,

410 669 1936 102 il a notamment remporté la JHK 50 Mile en

418 781 1900 121 2014, 2015 et 2016, la Lake Sonoma 50 >et< en

427 898 1893 103 2016 et 2018, le Tarawera Ultramarathon

416 1001 1913 115 en 2017, et l’Ultra-Trail du Mont-Blanc

451 1138 403 92 en 2023.

443 1235 1892 119 Il est, depuis le 4 mai 2019, détenteur du

473 1364 1891 91 record du monde de 50 miles en 4 h 50 min 7 s.

462 1470 1990 114 Il est champion du monde de course en >montagn<e

436 1591 1264 104 montagne longue distance 2019.

423 1694 1948 126 Dans la mythologie grecque, Ancée (en grec

440 1794 1829 117 ancien - / Anka-os), fils de Poséidon, est

456 1912 1914 112 roi de Samos et un des argonautes. Il est

445 2024 1950 115 marié à Samia, fille du Méandre, dont il

423 2136 1898 116 a plusieurs enfants : Périlaos, Énudos, Samos,

418 2249 1799 121 Alithersès et Parthénope. Parthénope est la

401 2373 1078 124 mére de >< o Lycomède.
