2550 3300
1717 45 572 83 imp_wikitexte_0225

150 348 2167 114 José Manuel Seda (né le 10 août 1968  à Séville) est un acteur espagnol.

161 482 2176 125 Daria Davidova, née le 24 juin 1990 à Moscou est une chanteuse d'opéra

159 586 2068 132 soprano russe. En 2014, elle fait ses débuts au Théâtre Bolchoï de

161 680 2106 143 Russie, alors qu'elle étudie en cinquième année au Conservatoire

165 777 2128 132 d'État Tchaïkovski de Moscou. De 2015 à 2017, elle est soliste au

165 870 2192 134 théâtre académique musical de Moscou Stanislavski et Nemirovitch-

170 982 2110 130 Dantchenko. Depuis 2018, elle est soliste de la télévision et de la

181 1100 1059 115 radio publiques russes (VGTRK).

178 1262 2138 148 Elle s'est produite en Russie, en Allemagne, au Japon, en France,

185 1413 2144 121 en Autriche, en Pologne, au Danemark, en Finlande, en République

188 1524 1998 116 tchèque, en Italie, au Portugal, aux États-Unis, au Liban, en

181 1642 827 90 Slovénie et en Tanzanie.

198 1794 1961 115 Sarah Baker est une actrice américaine née le 30 juin 1974,

207 1907 1976 129 principalement connue pour ses rôles dans la série Go On et

207 2049 642 110 le film Moi, député.
