2550 3300
1766 256 629 79 imp_wikitexte_0112

293 342 2035 110 East Prospect est un borough situé à l'est du

284 457 1691 118 comté de York, en Pennsylvanie, aux

284 579 2077 114 États-Unis,. En 2010, il comptait une population

305 690 2016 102 de 905 habitants, estimée au 1er juillet 2020 à

330 804 1996 99 970 habitants. Le borough est fondé en 1844

284 911 1856 113 et incorporé en 1874. Enrique Ribelles

282 1026 2001 118 Seró, né le 1er février 1934 à Puigverd de

283 1141 1857 107 Lleida (Catalogne, Espagne) et mort le

300 1265 2035 106 19 mars 2014, est un footballeur espagnol

308 1377 2057 116 qui jouait au poste de milieu de terrain.

278 1494 1828 113 Listes des principales villes d'Argentine :

291 1606 1804 106 Yves Le Corre, né le 1er janvier 1928 à

284 1706 2062 114 Cherbourg (Manche) et mort le 19 mai 2010 à

319 1808 2085 154 Paris, est un universitaire français. Il préside

286 1918 2084 115 l'université Paris VII de 1976 à 1981. Thomas

297 2035 1944 123 Thomson, né le 10 novembre 1768 à Dailly,

283 2131 2129 159 Ayrshire et mort le 2 octobre 1852 à Édimbourg,

275 2271 2005 110 est un avocat écossais, collectionneur d'objets

255 2399 2146 116 anciens et archiviste qui a été clerc principal

255 2511 2173 115 pour les sessions du parlement écossais (1828-),

305 2620 1912 102 secrétaire (1812-1820) et membre de la

330 2718 1829 142 section littéraire de la Royal Society of

346 2843 534 101 Edinburgh.
