2550 3300
291 324 2103 125 Roland Zaninetti, né le 30 juillet 1928 à Aulnoye-

288 458 2003 120 Aymeries, en région Hauts-de-France, et mort le

280 569 1994 104 17 octobre 2010 à Baccarat en Meurthe-et-Moselle,

269 690 1294 118 est un accordéoniste français.

269 797 2093 123 Il fait partie avec Aimable, Joss Baselli, André Lips,

264 922 2084 127 Jean Cardon et Maurice Larcange, de la génération

251 1023 2111 113 d'accordéoniste de l'entre-deux-guerres, originaire

277 1145 898 94 du Nord de la France.

282 1254 2020 99 James Fairlie Gemmill (1867-1926) est médecin,

273 1360 2133 115 botaniste et auteur écossais. Il partage plusieurs

277 1488 2082 103 affinités avec le poète Robert Burns. Le quartidi 4

278 1599 1974 125 vendémiaire, officiellement dénommé jour de la

291 1717 2092 126 colchique, est le 4e jour de l'année du calendrier

277 1825 587 105 républicain.

266 1932 2188 130 C'était généralement le 25e jour du mois de septembre

273 2053 1244 124 dans le calendrier grégorien.

299 2158 1920 100 3 vendémiaire - 4 vendémiaire - 5 vendémiaire

280 2278 2020 132 Maria Anna Walburga Ignatia Mozart, née le 30

282 2386 2029 130 juillet 1751 à Salzbourg et morte le 29 octobre 1829

284 2509 2033 92 dans la même ville, surnommée Nannerl, est une

288 2619 2025 96 compositrice, pianiste et claveciniste de l'époque

282 2733 2093 106 classique. Fille de Léopold et d'Anna Maria Mozart, elle

286 2849 2197 128 est la sœur du compositeur Wolfgang Amadeus

289 2957 376 119 Mozart.

1567 3159 936 113 imp_wikitexte_0221
