2550 3300
1781 14 717 68 imp_wikitexte_0228

181 229 2235 121 Mosquito Township est un township du comté de Christian

121 340 1386 103 dans l'Illinois, aux États-Unis,.

121 438 2353 178 La Montagne de minuit est un roman de Jean-Marie Blas

60 564 2269 159 de Roblès publié le 19 août 2010 aux éditions Zulma, et

60 684 2460 144 récompensé du Grand prix Thyde-Monnier la même année.

62 793 2467 101 La villa Karma est un chef-d’œuvre d'architecture moderne

71 892 2451 118 situé dans le canton de Vaud sur le territoire de la commune

73 1024 2388 141 de Montreux, en Suisse. L'édifice est implanté sur le

53 1137 2456 153 site d'un ancien prieuré bénédictin, devenu léproserie au

62 1244 2464 140 XVIe siècle. Dennis F. Hightower (28 octobre 1941) est un homme

47 1365 2442 142 d'affaires et homme politique américain. Il est secrétaire

67 1477 2402 99 adjoint au Commerce des États-Unis du 11 août 2009 au 27

69 1595 2416 134 août 2010. La 36e édition du Grand Prix Jef Scherens a eu

82 1708 2268 103 lieu le 1er septembre 2002. Elle a été remportée par

88 1813 2219 102 l'Allemand Andreas Klier. Aleksey Vladimirovitch

137 1922 2350 172 Nikolaev (russe : - - -) (né le 5 septembre 1979 à Voronej,

124 2032 2260 197 à l'époque en URSS, aujourd'hui en Russie) est un

126 2153 2385 168 joueur de football international ouzbek, qui évolue

170 2251 1057 168 au poste de défenseur.
