2550 3300
79 35 1013 117 Archives BANQ rue Viger mardi

1649 78 820 92 imp_wikitexte_0205

73 394 2194 170 Un geyser est un type particulier de source d'eau chaude qui

80 528 2251 128 jaillit par intermittence en projetant à haute température et à

62 711 1442 114 haute pression de l'eau et de la vapeur.

64 883 2293 161 Le terme geyser provient du nom du plus célèbre geyser d'Islande,

60 1059 2367 148 nommé Geysir, situé à Haukadalur, dans le cercle d'or au sud de

58 1211 2354 149 l'île. Ce nom est dérivé du verbe islandais gjósa/geysa (en

75 1367 1959 159 français jaillir), lui-même provenant du vieux norrois.

64 1569 2443 155 Auguste Blaesi, né à Stans le 1er décembre 1903 >< et mort à Lucerne le

67 1714 1466 112 28 août 1979, est un sculpteur suisse.

49 1848 2423 143 Charles-Abraham Chasselat (dit Charles Chasselat), né en 1782 à

55 1980 2293 195 Paris, où il est mort le 20 juillet 1843, est un peintre, graveur et

46 2189 936 190 illustrateur français.

25 2414 2457 155 Émile Labussière, né le 2 mai 1853 à Bénévent-l'Abbaye (Creuse)

29 2581 2449 174 et décédé le 21 février 1924 à Perpignan (Pyrénées-Orientales), est

36 2770 1607 168 une personnalité politique du Limousin.
