2550 3300
173 371 1273 140 Nom de référence : imp_wikitexte_0162

168 531 2246 143 Le Bakalov est un fusil d'assaut d'origine bulgare qui porte son nom de

174 705 1233 96 son créateur: Georgi Delchev Bakalov.

199 806 2279 157 Constitué de 72 pièces, 46 soit 64 % proviennent d'une base type Kalachnikov,

205 977 1038 102 réaménagé en disposition bullpup.

227 1087 2266 141 L'arme est conçu pour tirer différentes munitions aussi bien de l'ancien bloc

244 1199 2206 160 de l'Est, la 7,62 mm M43 de l'AK-47 que des munitions de l'OTAN,

260 1334 1761 154 la 5,56 - 45 mm OTAN et la 7,62 x 51 mm OTAN.

253 1449 2230 179 Il est possible de monter sur le Bakalov un lance-grenades de

275 1589 2195 203 40 mm. Je veux juste en finir (I'm Thinking of Ending Things) est

273 1780 2176 140 un drame psychologique américain réalisé par Charlie Kaufman,

289 1928 481 92 sorti en 2020.

273 2012 2229 144 Il s'agit de l'adaptation cinématographique du roman éponyme de

239 2152 2269 165 Iain Reid (en). Martina Valcepina, née le 4 juin 1992 à Sondalo,

238 2311 1688 125 est une patineuse de vitesse sur piste courte italienne.

232 2434 2165 143 Le comté d'Oglethorpe est un comté de Géorgie, aux États-Unis.

242 2586 877 101 Les villes du comté sont :

238 2709 473 110 Arnoldsville

255 2825 660 135 Crawford (Géorgie)

242 2946 356 124 Lexington

251 3065 281 106 Maxeys
