2550 3300
223 176 1536 99 Nom de référence: imp_wikitexte_0214

232 412 1991 86 Iaroslavski (- - -) est un district municipal de la

234 519 1639 107 ville de Moscou, capitale de la Russie,

234 630 2042 99 dépendant du district administratif nord-est.

234 939 817 126 Portail de Moscou

217 1075 2086 129 Studio Deen Co., Ltd. (-, Kabushiki gaisha Sutajio D-n,

225 1204 2040 90 stylisé Studio DEEN) est un studio d'animation

233 1328 1849 102 japonais spécialisé dans la production

221 1439 2119 120 d'anime et fondé en 1975 par des membres

225 1551 538 82 de Sunrise.

225 1659 2036 95 La France participe au Concours Eurovision

225 1768 2033 103 de la chanson, depuis sa première édition,

227 1894 2036 99 en 1956, et l'a remporté à >5< cinq reprises,

234 2000 1413 93 en 1958, 1960, 1962, 1969 et 1977.

227 2113 1981 101 La France fait partie des cinq plus importants

220 2201 2188 138 contributeurs financiers de l'UER, avec l’Allemagne,

225 2337 1671 103 l’Espagne, l’Italie et le Royaume-Uni.

199 2428 2206 131 Ensemble, ils constituent le groupe dit des « Big Five ».

196 2559 2075 99 Depuis l'édition 1999 du concours, ceux-ci ont la

214 2670 1986 130 garantie d’une place automatique en finale,

203 2780 2239 119 indépendamment de leur résultat l'année précédente.
