2550 3300
280 302 2192 201 La mitrailleuse Montigny ou Montigny-Fafschamps

99 448 2288 187 également appelé mitrailleur Christophe de Mon-

88 610 2239 171 tigny, fabriquée, fabriquée en Belgique, précéda

100 766 2286 147 le canon à balles ou mitrailleuse Reffye fabriquée

96 900 2189 153 en France. Dans les deux cas, il s'agit d'armes à

100 1056 2211 154 culasse mobile regroupant en faisceau un certain

91 1211 2136 147 nombre de canons fixes. La mise à feu de ses

100 1332 2262 171 cartouches à percussion centrale est actionnée par

90 1482 2234 162 une manivelle indépendante. Développée par

90 1603 2261 198 l'armurier belge Joseph Montigny (en) en 1863, la

77 1757 2266 202 mitrailleuse Montigny est basée sur un prototype

77 1892 2241 187 de Toussaint-Henry-Joseph Fafchamps datant de

104 2064 2196 152 1851. Le canon à balle de Reffye fut un peu plus

110 2192 2263 167 tard une adaptation de la mitrailleuse Montigny.

607 2313 413 81 Boisrouvray

104 2356 2267 141 Bernard du (1877-1970) est un moine bénédictin et

134 2521 757 110 écrivain français

1350 2830 935 108 imp_wikitexte_306
