2550 3300
251 177 913 87 imp_wikitexte_0104

245 291 1923 108 Toma (en serbe cyrillique: -) est un village du nord-est du

267 401 1725 127 Monténégro, dans la municipalité de Bijelo Polje.

272 517 2008 114 Bathycyathus chilensis est une espèce de coraux appartenant à

291 629 1078 94 la famille des Caryophylliidae.

319 739 1961 97 Matthew Charles Fisher, né le 7 mars 1946 à Addiscombe, est

288 858 2149 112 un musicien anglais, organiste, auteur-compositeur et producteur.

266 968 2116 115 Daniel Hernández Santos, plus couramment appelé Dani Hernández,

255 1089 2116 103 né le 21 octobre 1985 à Caracas au Venezuela, est un footballeur

247 1193 2115 123 international vénézuélien. Il est le jeune frère de Jonay Hernández.

266 1306 2096 113 Roger Kolo, né le 3 septembre 1943 à Belo-sur-Tsiribihina, est

266 1430 2022 130 un médecin et homme d'État malgache , Premier ministre

258 1540 806 93 entre 2014 et 2015.

266 1647 2143 102 (6946) 1980 RX1 est un astéroïde de la ceinture principale

297 1760 1818 101 de 4,943 km de diamètre découvert en 1980.

313 1881 1970 104 Avonmore est un borough situé au nord du comté de

275 1988 2101 133 Westmorland, en Pennsylvanie, aux États-Unis,. En 2010,

282 2113 2024 96 il comptait une population de 1 011 habitants, estimées au

258 2213 1997 105 1er juillet 2020 à 954 habitants. Le borough est incorporé

266 2337 611 94 le 4 mars 1893.
