2550 3300
280 223 2180 116 Germán Antonio Llanes, né le 27 mai 1968 à Cañada Seca,

277 339 1992 135 est un joueur argentin de rugby à XV, qui a joué avec

284 454 1990 116 l'équipe d'Argentine, évoluant au poste de deuxième ligne.

272 561 2060 112 Alexander Ivanov (en russe : - -), né le 4 novembre 1990,

280 681 2108 154 est un joueur russe de rugby à XV qui évolue au poste

293 779 580 117 de talonneur.

275 903 2073 129 Marie Mongin, également connue comme Mme Coedès-

277 1017 2102 135 Mongin, est une pianiste et pédagogue française née

258 1137 2042 154 le 11 juin 1841 à Besançon et morte le 9 mars 1931 à

293 1248 220 101 Paris.

289 1358 1906 110 Andreas Katsulas (18 mai 1946 à Saint-Louis -

294 1471 1785 142 13 février 2006 à Los Angeles) est un acteur

286 1579 1442 115 américain de cinéma et de télévision.

293 1697 1994 119 Charles Georges Thomas Garnier, né le 21 septembre

300 1813 2068 180 1746 à Auxerre, où il est mort le 24 janvier 1795,

297 1922 1628 115 est un avocat et littérateur français.

981 2263 1189 126 imp_wikitexte_0232
