2550 3300
187 314 2241 137 Ildevert Méda, surnommé le maestro, né le 27

115 450 2379 209 mai 1966, est un acteur, comédien, dramaturge,

132 602 2305 135 écrivain et metteur scène burkinabè. Il est

150 737 2280 139 considéré comme une des figures majeurs du théâtre et

146 837 2374 156 du cinéma au Burkina Faso. Il est surtout

152 993 2330 127 connu pour ses roles dans les films et séries

148 1102 2283 143 tels que:  Kadi Jolie, trois hommes un village,

166 1244 2259 114 dossier brulant ou encore l’avocat des causes

165 1336 2221 178 perdues. Medelsheim est un quartier de la

132 1478 2350 153 commune allemande de Gersheim dans l'arron-

152 1610 1332 183 dissement de Hombourg.

185 1739 2080 145 (14613) Sanchez est un astéroïde de la

161 1884 897 144 ceinture principale.

194 1980 2238 164 Susumu Terajima (-, Terajima Susumu), né le

176 2117 2313 143 12 novembre 1963 à Tokyo, est un acteur japo-

185 2244 2326 141 nais. Il a notamment joué dans de nombreux

217 2376 2104 143 films de Takeshi Katino : Violent Cop,

194 2506 2255 148 A Scene at the Sea, Sonatine, mélodie

192 2601 2140 226 morlelle, Getting Any? Kids Return,

186 2737 1219 153 Hana-bi mon frère.

1586 29 885 136 imp_wikitexte_0209
