2550 3300
1684 31 623 99 wikitexte_0090

304 225 2196 99 Wilhelm Wenders, dit Wim Wenders, né le 14 août 1945

311 340 1921 111 à Düsseldorf (Rhénanie-du-Nord->Westptralie<

319 452 1939 120 Westphalie) en Allemagne, est un réalisateur,

310 577 1964 112 producteur de cinéma, scénariste et photographe

302 687 508 97 allemand.

302 802 2057 107 Il est l'un des représentants majeurs du nouveau

297 911 2025 110 cinéma allemand des années 1960-70. Depuis 1996,

304 1032 1875 99 il est président de l'Académie européenne du

293 1147 1185 92 cinéma, installée à Berlin.

293 1257 1994 110 En 2023, il reçoit le prix Lumière, qui récompense

288 1361 1021 102 l'ensemble de sa carrière.

293 1483 2021 119 Anyphops barbertonensis est une espèce d'araignées

306 1574 2014 167 >araneomorf< aranéomorphes de la famille des

306 1706 587 107 Selenopidae.

291 1824 1989 101 Ibro -ari- est un joueur d'échecs bosnien né le

297 1943 1809 106 20 février 1982 à Cazin (Bosnie-Herzégovine).

293 2047 2002 112 Charles-Henry Joseph Bizard, né à Roubaix le

295 2170 1968 97 14 novembre 1887 et mort à Lyon le 1er novembre

306 2280 1651 105 1954, est un artiste peintre français.

295 2380 1983 106 Thomas Christiansen Tarin , né le 11 mars 1973 à

310 2504 1845 106 Hadsund au Danemark, est un footballeur

313 2619 1754 107 international espagnol évoluant au poste

293 2735 1972 104 d'attaquant reconverti comme entraîneur. Il est

313 2835 1490 103 l'actuel sélectionneur du Panama.
