2550 3300
282 238 1935 146 Nom de reference : imp_wikitexte_0163

229 454 2132 173 Exo est un album du pianiste de jazz français

228 583 2261 111 Pierre de Bethmann avec son Medium Ensemble,

232 700 1455 84 sorti en 2016 sur le label Aléa.

232 817 1971 97 Il a remporté le Grand prix du disque de

232 903 1296 110 l'Académie Charles-Cros.

247 1023 2016 115 Ferdinando Gasparo Turrini ou Ferdinando

239 1135 2237 132 Gasparo Bertoni ou Ferdinando Turrini Bertoni,

232 1262 2228 98 surnommé "Bertoni l'orbo" ou "Bertoncino", est

225 1384 2238 142 un organiste et compositeur italien, né le 26 février

214 1479 1931 107 1745 à Sal- et mort vers 1820 à Brescia.

266 1591 2211 168 Vladimir Semionovitch Golenichtchev ou Golenischeff

211 1716 2209 148 (en russe : - - -), né le 29 janvier 1856 et mort le

211 1817 2022 135 5 août 1947 à Nice, est un égyptologue russe.

220 1948 2181 103 Maurice Greene était un compositeur et organiste

218 2049 2198 141 anglais, né le 12 août 1696 à Londres, mort le

250 2164 960 102 1er décembre 1755.

220 2277 2269 149 Les élections législatives françaises de 2017 se sont

212 2375 2273 186 déroulées les 11 et 18 juin 2017. Dans le département

221 2497 2206 132 des Hauts-de-Seine, treize députés ont été élus

229 2602 2104 142 dans le cadre de treize circonscriptions, et parmi

236 2729 2114 121 212 candidats dont la liste est publiée par

229 2843 1319 101 le ministère de l'Intérieur.
