2550 3300
286 341 1489 122 Nom de référence : imp_wikitexte_0172

280 492 1747 140 Myrmapeni penicillata est une espèce d'araignées

308 630 1566 85 aranéomorphes de la famille des Salticidae.

297 748 1793 96 Le Stade communal de Schaerbeek (en néerlandais :

295 856 1985 102 Gemeentestadion), auparavant connu sous le nom de stade

310 937 1865 127 du Crossing (en néerlandais : Crossingstadion), est un

283 1064 2151 102 stade omnisport belge (servant principalement pour le football)

278 1164 2158 117 situé dans la commune de Schaerbeek, à Bruxelles, la capitale

300 1307 342 106 du pays.

294 1397 2033 112 Le stade, doté de 3 500 places et inauguré en 1914, sert de

315 1519 1948 123 domicile pour les équipes de football du Crossing de

327 1617 1873 140 Schaerbeek, du Racing Club de Schaerbeek et du

324 1761 1286 98 Football Club Kosova Schaerbeek.

302 1905 2071 119 Taylor Hawkins, de son nom complet Oliver Taylor Hawkins,

313 2027 1904 107 est un musicien américain né le 17 février 1972 à

308 2123 2046 126 Forth Worth au Texas et mort le 25 mars 2022 à Bogota

304 2234 501 98 en Colombie.

322 2377 2068 138 Il a été le batteur du groupe rock alternatif Foo Fighters

324 2499 1923 130 dès 1997. Il a auparavant participé aux tournées

326 2640 1952 126 d'Alanis Morissette et jouait dans un groupe nommé

333 2751 1967 140 Sylvia. Il était leader du groupe qui porte son nom :

379 2905 1631 123 Taylor Hawking and the Coattail Riders.
