2550 3300
1526 231 846 124 Imp_wikitexte_0058

273 348 2045 101 Tokai no Hitorigurashi / Aitte Motto Zanshin  (-) est le

283 462 1947 112 23e single "major" et 29e single au total du

282 584 1203 107 groupe Cute, sorti en 2013.

277 687 1832 112 Michel Becquet, né le 4 février 1954 à

264 799 2058 146 Limoges, est un tromboniste français, professeur

243 905 1811 114 au conservatoire national supérieur de

253 1032 1469 137 musique et de danse de Lyon.

258 1138 1963 154 Les World Series of Poker, couramment

256 1248 1673 144 abrégées sous le sigle WSOP, sont les

271 1362 1998 119 championnats du monde de poker. Ils se

288 1485 1788 137 tiennent chaque année depuis 1970 à

278 1584 487 111 Las Vegas.

277 1697 1927 129 Pendant les WSOP, plusieurs tournois sont

275 1808 2049 131 joués (69 en 2015). Le prix d'entrée d'un tournoi

266 1927 1970 116 va de 500 $ à 1 000 000 $. Le vainqueur de

277 2044 1959 151 chaque tournoi remporte de l'argent et un

273 2156 1776 143 bracelet. Le tournoi principal est>< le

269 2258 1970 120 Main Event, c'est un tournoi de No Limit

277 2373 1846 137 Texas hold'em dont le prix d'entrée est de

280 2498 341 105 10 000$.
