2550 3300
1774 44 588 71 wikitexte_0051

377 346 2011 128 Le Mauvoisin est un cours d'eau français

357 470 1931 107 qui coule dans le département du Cher.

396 588 1815 105 C'est un affluent de la Rère en rive

368 688 1920 139 gauche et donc un sous-affluent de

374 805 520 116 la Loire.

382 911 2013 174 Junction City est un village américain

360 1012 2071 174 situé dans le comté de Perry, dans l'Ohio.

396 1157 2096 166 Selon le recensement de 2010, sa population

382 1259 1037 110 est de 819 habitants.

326 1374 2005 112 Robbie Cadee, né le 27 août 1950, est un

305 1505 2027 101 ancien joueur et entraîneur australien

349 1603 897 107 de basket-ball.

341 1709 2016 128 Halla Margrét Árnadóttir, née en 1964 à

352 1828 1975 150 Reykjavik, est une chanteuse islandaise

338 1928 1813 185 qui a représenté son pays lors du

346 2062 1975 107 concours eurovision de la chanson 1987

341 2169 1972 138 à Bruxelles, avec la chanson Hægt Og

333 2284 2046 168 Hljótt composée par Valgeir Gudjónsson.

311 2407 2147 155 Elle se classe 16e avec 28 points. Actuellement

302 2510 1725 124 [Quand ?], elle est chanteuse d'opéra.

291 2627 2143 137 Félix Féréol est un médecin français, né Louis

308 2736 2153 145 Félix Henry Second à Paris le 12 février 1825

284 2851 2097 106 et mort dans la même ville le 4 décembre

382 2948 256 121 1891.
