2550 3300
341 254 1654 96 Godumops caritus, unique représentant du genre

332 368 1713 97 Godumops, est une espèce d'araignées aranéomorphes

333 476 1070 96 de la famille des Selenopidae.

321 581 1893 104 Giulio Carlo Fagnano, né à Senigallia le 6 décembre 1682

319 698 2056 92 où il est mort le 26 septembre 1766, est un mathématicien

300 815 342 81 italien.

337 933 1838 99 Il est connu pour ses travaux sur les propriétés et

313 1045 1804 95 les usages de la courbe dite lemniscate et

328 1153 1785 108 pour être vraisemblablement le premier à avoir

337 1265 1756 111 étudié la théorie de l'intégrale elliptique.

332 1367 1880 121 Tourment (Right>< Cross) est film américain de John

339 1494 873 104 Stuges sorti en 1950.

306 1600 2110 106 Andrew Mawson, baron Mawson, (né le 8 novembre 1954)

354 1714 1561 110 est un entrepreneur social britannique.

357 1826 1954 113 François Depeaux (13 juillet 1853 à Bois-Guillaume -

324 1932 1956 115 >< 11 octobre 1920 à Amfreville-la-Mi-Voie) est

297 2055 2124 99 un industriel, collectionneur du Serpent à environ 25

335 2150 2011 113 440 a.l. (7,8 kpc) du Soleil et à 9 785 a.l. (3,0)

330 2268 2021 110 kpc du centre de la Voie lactée. Il a été découvert

330 2392 1991 107 par l'astronome danois Theodor Brorsen en 1856

1295 2620 883 105 imp_wikitexte_0153
