2550 3300
266 234 1845 125 Nom de référence: imp_wikitexte_0216

251 342 2256 125 Le château de Belflou est un château situé à Belflou

255 464 776 102 (Aude), en France.

284 572 2205 100 Kati Pulkkinen (née le 6 avril 1975) est une ancienne

275 694 987 101 fondeuse finlandaise.

264 800 2236 118 Toshio Motoya (- -, Motoya Toshio) est un entrepreneur,

297 910 2090 121 essayiste et éditeur japonais, il est le président

266 1031 2259 128 du Groupe APA (« Always Pleasant Amenities »),

278 1140 1982 114 qui comprend APA & Resorts, l'une des plus

294 1256 2002 133 grandes chaînes d'hôtels du Japon, avec 357

277 1371 2153 99 établissements et 58.000 chambres. Fouad Afkir, né

280 1485 2214 110 le 3 août 1984 à Rotterdam (Pays-Bas), est un joueur

260 1600 1704 86 international néerlandais de futsal.

249 1711 2167 115 La Jablanica en serbe cyrillique - (la « rivière du

262 1831 2240 130 peuplier »), est une rivière de Serbie. Sa longueur est

258 1937 2257 139 de 85 km. Elle est un affluent gauche de la Ju-na

264 2053 2267 119 Morava. Elle donne son nom à la région de la Jablanica

250 2164 1661 104 et à l'actuel district de Jablanica.

253 2277 2010 142 La Chapelle Notre-Dame-des-Bois est un édifice

250 2394 2104 119 religieux, protégée des monuments historiques,

249 2511 1796 88 situé à Villers-sous-Chalamont dans le

286 2618 1562 133 département français du Doubs.
