2550 3300
1834 249 624 103 imp_wikitexte_009

311 346 1888 116 Alan Gregov (né le 1er avril 1970 à Zadar) est un

319 453 1419 110 ancien joueur de basket-ball croate.

321 555 1860 121 Misato (-, Misato-machi) est un bourg du district de

332 684 1937 110 Shimomashiki, dans la préfecture de Kumamoto au

308 803 280 115 Japon.

316 899 1901 121 Marc Lutz (de son vrai nom Mark Douglas Lutz) est un

319 1023 2021 107 acteur né le 14 février 1970 à Montréal. Il est surtout

319 1141 1997 124 connu pour avoir joué le rôle du Groosalugg dans la

310 1248 531 110 série Angel.

305 1358 2005 129 Holochilus est un genre de rongeurs de la famille des

302 1471 421 115 Cricétidés.

313 1586 1832 132 Sangam est un film indien réalisé par Raj Kapoor,

299 1702 562 110 sorti en 1964.

297 1822 1913 110 Matteo Giupponi (né le 8 octobre 1988 à Bergame)

305 1922 1862 115 est un athlète italien, spécialiste de la marche,

306 2046 1924 113 médaillé de bronze du 35 km aux championnats

284 2167 1200 97 d'Europe de Munich en 2022.

293 2273 2013 106 Per questo mi chiamo Giovanni (traduction littéraire

283 2389 1862 121 en français : C'est pour cela que je m'appelle

291 2505 2025 107 Giovani) est un roman de Luigi Garlando publié

302 2609 1271 132 chez Rizzoli et sorti en 2004
