2550 3300
1634 245 705 90 imp_wikitexte_0022

372 458 1827 104 La Fédération du Laos de football est une association

372 573 1946 148 regroupant les clubs de football du Laos et organisant

379 691 1952 101 les compétitions nationales et les matchs internationaux

372 797 820 105 de la sélection du Laos.

377 916 1934 107 La fédération nationale du Laos est fondée en 1951. Elle

371 1020 1884 115 est affiliée à la FIFA depuis 1952 et est membre de

398 1140 633 101 l'AFC depuis 1980.

381 1257 1902 110 Cette page concerne les événements qui se sont déroulé

390 1366 1249 105 un 17 novembre dans les chemins de fer.

385 1486 1922 99 La communauté de commune d'Auzances-Bellegarde est

361 1601 1970 98 une ancienne communauté de communes française, située

348 1712 1928 106 dans le département de la Creuse et la région Nouvelle-

363 1833 372 88 Aquitaine.

359 1929 1857 109 Jember est une ville de la province de Java oriental en

365 2047 1985 103 Indonésie. Elle donne son nom au Kabupaten de Jember.

374 2165 2009 113 Letheobia graueri est une espèce de serpents de la famille

346 2265 591 129 des Typhlopidae.

363 2398 1974 110 Kisberzseny est un village et une commune du comitat de

376 2503 827 116 Veszprém en Hongrie.

354 2618 1981 113 L'Oeil du Kraken est un jeu vidéo d'aventure en 2D gratuit

357 2725 1930 121 et fourni en libre téléchargement, édité par la société

374 2840 1265 110 indépendante canadienne Absurdus.
