2550 3300
1337 27 669 95 imp_wikitexte_0167

277 328 2089 137 Le Trésor (Der Schatz) est un film allemand réalisé par Georg Wilhelm

280 458 1793 121 Pabst, sorti en 1923. Il s'agit du premier film réalisé par Pabst.

275 671 2113 132 Somebody to Love est une chanson du groupe britannique Queen écrite par Freddie

269 799 2046 119 Mercury, sortie en single en 1976. Elle figure sur l'album A Day at the Races,

288 936 482 92 sorti peu après.

278 1123 2053 138 Le Ciel rouge (Roter Himmel) est un film allemand réalisé par Christian

273 1255 745 99 Petzold, sorti en 2023.

280 1455 2097 145 Disney's Fort Wilderness Resort est le camping officiel du Walt Disney

291 1587 2037 125 World Resort. Il est parfois considéré comme un hôtel à part entière. Il a

282 1705 2077 128 ouvert le 19 novembre 1971 peu après le parc Magic Kingdom et les

278 1809 2018 127 deux premiers hôtels. Il est situé un peu à l'écart des hôtels

289 1919 1989 132 et du reste du complexe afin de garantir le calme des lieux. Son

280 2044 2046 130 existence est presque gardée secrète. Sa qualité en fait l'un des

288 2161 1355 128 plus confortable camping des États-Unis.
