2550 3300
346 379 2081 95 La bataille de Las Queseras del Medio, ou le combat de

341 482 1842 90 la Mata del Herradero, est une action militaire

346 540 2045 142 exceptionnelle réalisée le 2 avril 1819 dans l'actuel État

333 689 1938 106 d'Apure du Venezuela dans lequel l'historiographie

346 795 1934 119 vénézuélienne dit que le héros de son indépendance

354 892 2111 118 José Antonio Páez, accompagné de 153 lanciers, remporte

346 999 2106 108 la bataille contre 1 200 cavaliers des forces espagnoles,

361 1105 1985 103 étant la bataille la plus célèbre commandée par

377 1204 2050 112 Paez et où la phrase célèbre est prononcée : "¡Vuelvan

346 1312 2104 118 caras!" (tactique de contre-attaque de cavalerie qui

341 1415 2005 106 simulait une fuite, commune des deux côtés). Les

343 1518 2124 111 auteurs espagnols se réfèrent au combat de la Mata

317 1622 2031 116 del Herradero dans le cadre de la campagne des

304 1727 2022 117 marches et batailles successives de Bolívar dans

343 1829 1032 107 l'intérieur du Venezuela.

374 2022 1876 113 La Gerbille du Niger (Gerbillus nigeriae ou

370 2139 1963 106 Gerbillus (Gerbillus) nigeriae) est une espèce qui

357 2242 2095 113 fait partie des rongeurs. C'est une gerbille de la

354 2339 1946 121 famille des Muridés que l'on rencontre dans

372 2447 1264 112 l'extrême ouest de l'Afrique.

357 2623 2101 151 Synonyme : Gerbillus dalloni Heim de Balsac, 193

2175 62 235 70 #0002
