2550 3300
372 365 2093 117 Volkswagen Truck & Bus Ind-stria e Comércio de Veículos

376 478 2052 105 Ltda, également connu comme Volkswagen Caminh-es e

372 592 2067 91 Ônibus, est un constructeur brésilien de camions et de

370 687 2086 99 châssis d'autobus basé à Resende, dans l'État de Rio

368 793 2029 111 de Janeiro. C'est la filiale brésilienne de Traton (en),

361 900 2086 104 groupe qui contrôle le secteur véhicules industriels de

376 1006 2058 95 Volkswagen AG. La société a été fondée en 1980, après

365 1107 2073 103 que Volkswagen do Brasil ait racheté Chrysler Motors

374 1217 394 84 do Brasil.

376 1413 2032 95 Great Kei est une municipalité locale située dans le

370 1521 2073 97 district d'Amathole, dans la province du Cap oriental,

366 1626 2055 102 en Afrique du Sud. En 2011, sa population est de

390 1730 729 83 38 991 habitants.

377 1939 1857 96 Neurospora crassa est une espèce de champignons

381 2031 2086 106 filamenteux de la division des Ascomycota. Sa premieì

368 2143 2099 99 observation documentée est basée sur une infestatio

359 2240 1424 106 de boulangeries françaises en 1843

376 2451 2093 91 Dans son environnement naturel, N. crassa vit surtou

374 2557 2089 99 en région tropicale et subtropicale. On en trouve par

366 2662 2075 102 exemple sur de la matière végétale morte après un

372 2775 404 86 incendie.

2133 122 222 87 0003
