2550 3507
40 60 2469 119 Long Tall Weekend est un album rock alternatif de They Might Be Giants,

46 159 2414 115 sorti le 19 juillet 1999. On ne peut se procurer cet album que sur

44 257 638 103 Internet, eMusic

48 323 2351 130 Brandin Podziemski, né le 25 février 2003 à Greenfield dans le

54 436 2375 138 Wisconsin, est un joueur américain de basket-ball. Il evolue

46 565 1427 85 au poste d'arrière voire de meneur.

56 646 2287 113 William Guzmán Rosario, né le 26 avril 1992, est un coureur

68 748 842 103 cycliste dominicain.

66 843 2142 117 Iouri Vassilievitch Bouïda,(en russe : - - -, ISO 9 : Urij

68 968 2314 115 Vasil'evi-Bujda), né le 29 août 1954 à Znamensk (Oblast de

81 1108 1303 101 Kaliningrad) est un ecrivain russe.

83 1206 2287 142 Les élections législatives françaises de 1945 se déroulent le

64 1297 452 94 21 Octobre.

56 1393 2355 128 Sept Ans au tibet (Seven Years in Tibet) est un film d'aventure

50 1523 2217 127 franco-américano-britanique de Jean-Jacques Annaud,

50 1630 2285 135 réalisé en 1997. Ce film dramatique s'inspire du livre

52 1743 2367 170 Sept Ans d'aventures au tibet, le récit autobiographique du séjour de

70 1849 2398 199 l'alpiniste autrichien Heinrich Harrer au Tibet, de 1944 à 1951
