2550 3507
169 48 2322 146 Philippe de Croy, 3e duc d'Aerschot, né le

169 173 2320 174 10 juillet 1526 à Valenciennes et mort le

177 268 2343 219 11 décembre 1595 à Venise, est un aristocrate

173 397 2250 244 des Pays-Bas de l'époque de Charles Quint

150 541 2265 216 et de Philippe II. Il est généralement loyal

155 662 2246 220 envers Philippe II au cours de l'insurrection

157 787 2217 235 menée par Guillaume d'Orange à partir de

195 891 2276 269 1568, sauf pendant quelques mois en 1576-1577.

177 1009 2334 282 Membre du Conseil d'État des Pays-Bas, il devient

163 1133 2366 307 après avoir reçu le pardon de Philippe II vice-gouverneur

167 1416 429 119 général.

132 1395 2320 235 -eref Osmano-lu (né Sheryf El-Sheryf le 2 janvier

163 1475 2313 275 1989 à Simferopol en RSS d'Ukraine) est un athlète

146 1605 2304 271 ukrainien naturalisé turc en 2014, spécialiste

134 1831 864 160 du triple saut.

132 1854 2380 256 Patu-tsenda est une localité de la République

128 2018 2353 222 démocratique du Congo, située dans la province

169 2224 737 172 du Bas-Congo.

132 2312 1735 216 République démocratique du Congo

111 2449 2316 214 Gilberto, de son vrai nom Deivi Miguel Vieira,

105 2593 2300 197 est un footballeur international angolais, né

113 2714 2263 210 le 10 mars 2001 a Luanda. Il joue au poste

128 2895 1449 193 d'ailier au Petro de Luanda.
