2550 3300
236 302 2173 116 J'ai lu les conditions de participation et j'y consens. Je comprends

251 430 2133 142 que mon manuscrit sera anonymisé et utilisé par la BAnQ pour des

253 539 2274 162 activités de recherche et développement et qu'il pourra aussi être publié

253 605 2151 209 et partagé sous licence CC-BY pour être utilisé librement à des fins

242 720 583 138 non commerciales.

190 887 2262 192 Óscar Soto Carrillo, né le 9 juin 1983 à Mexico, est un pentathlonien

192 1048 329 101 mexicain.

181 1202 2233 141 Aroldo Tieri né à Corigliano Calabro le 28 août 1917 et mort à

187 1329 2260 137 Rome le 28 décembre 2006 est un acteur italien. Il est apparu dans

179 1435 934 128 107 films entre 1939 et 1969.

165 1581 2272 245 Jean-Marie Masse est un musicien, producteur et animateur français né

189 1754 2270 193 à Limoges le 22 mai 1921 et mort dans la même ville le 17 octobre 2015.

178 1889 2187 162 Fondateur du Hot Club de Limoges, il fait de Limoges un bastion du

194 2007 682 105 jazz traditionnel.

154 2130 2302 159 Les Ericales (Éricales en français) sont un ordre vaste et diversifié

146 2295 2339 127 de plantes dicotylédones. Les espèces de cet ordre ont une importance

154 2412 2377 179 commerciale considérable, notamment pour le thé, le kaki, la myrtille, le kiwi,

173 2527 2280 198 la noix du Brésil, l'arganier et l'azalée. L'ordre comprend des arbres,

187 2653 2211 207 des buissons, des lianes et des plantes herbacées et même des plantes

184 2766 1408 217 carnivores (par exemple, le genre Sarracenia).

1609 27 643 140 wikitexte_0015
