2550 3300
89 430 2361 132 J'ai lu les conditions de participation et j'y consens. Je comprends que

91 540 2367 148 mon manuscrit sera anonymisé et utilisé par BAnQ pour des activités

95 645 2407 163 de recherche et développement et qu'il pourra aussi être publié et partagé

97 773 2117 148 sous licence CC-BY pour être utilisé librement à des fins non

100 920 498 75 commerciales.

117 1127 2339 154 Benjamin Biolay, né le 20 janvier 1973 à Villefranche-sur-Saône

119 1254 2264 142 (Rhône), est un auteur-compositeur-interprète, producteur et acteur

119 1387 346 99 français.

102 1606 2317 137 Il est révélé au grand public en 2000, en composant avec Keren Ann

104 1721 2405 116 l'album d'Henri Salvador, Chambre avec vue qui comprend notamment la

100 1844 2372 145 chanson Jardin d'hiver. Benjamin Biolay est récompensé par 6 victoires

106 1961 2304 138 de la musique : l'album révélation de l'année pour Rose Kennedy en 2002,

104 2079 2401 134 l'interprète masculin de l'année et l'album de chansons pour La Superbe

99 2196 2364 146 en 2010, Palermo Hollywood en 2017 et en 2021 l'interprète masculin et

102 2305 1248 160 l'album de l'année pour Grand Prix.

104 2485 2365 202 Également acteur, il tourne avec Lætitia Masson, Olivier Assayas, Tonie

104 2667 2390 124 Marshall, Emmanuel Finkiel, Christophe Honoré, entre autres. Son rôle

106 2786 2269 137 dans Stella de Sylvie Verheyde lui vaut une nomination au César du

117 2913 1510 108 meilleur acteur dans un second rôle en 2009.

1851 199 563 103 wikitexte_0073
