2592 3288
315 243 2227 110 J'ai lu les conditions de participation et j'y

310 376 2197 73 consens. Je comprends que mon manuscrit

356 476 2135 84 sera anonymisé et utilisé par BAnQ pour

347 590 2181 80 des activités de recherche et développement

370 693 2169 115 et qu'il pourra aussi être publié et partagé

376 811 1939 87 sous licence CC-BY pour être utilisé

387 922 2044 91 librement à des fins non commerciales.

316 1271 2237 80 Willow Grove Park était un parc d'attractions

325 1379 2118 84 situé à Willow Grove, en Pennsylvanie. Le

337 1493 2178 98 parc, ouvert en 1896 a fonctionné pendant

341 1622 412 73 80 ans.

330 1832 2150 80 Après sa fermeture annoncée en avril 1976,

327 1939 2137 95 le parc resta à l'abandon. Le terrain fut

316 2060 2191 84 exploité à nouveau pour l'ouverture d'un

305 2181 2252 82 centre commercial en août 1982. Ce centre

296 2299 2246 79 commercial repris d'ailleurs le nom original

299 2398 2183 89 du parc et exposa de nombreux éléments

312 2515 2159 86 du défunt parc. Un carrousel fut même

325 2626 925 121 ajouté en 2001.

301 2853 2221 86 Le parc d'abord ouvert comme trolley park

334 2962 1656 90 par la société de transport locale

2299 3048 106 117 1.

1632 21 755 86 wikitexte_0219
