2550 3300
233 412 1799 143 J'ai lu les conditions de participation et j'y consens.

266 550 2132 118 Je comprends que mon manuscrit sera anonymisé et utilisé par

302 660 2096 121 BAnQ pour des activités de recherche et développement et qu'il

264 781 2151 112 pourra aussi être publié et partagé sous licence CC-BY pour

250 896 1670 99 être utilisé librement à des fins non commerciales.

253 1006 2074 118 Thomas William Coke, (20 juillet 1848 - 19 novembre 1941) est un

247 1135 1092 108 pair et un soldat britannique.

258 1234 2044 119 Storholmen, est une île dans le landskap Sunnhordland du

244 1366 1978 105 comté de Vestland. Elle appartient administrativement à

253 1474 475 124 Bjrnafjorden.

255 1597 1931 130 Les Cloches rouges 2 (- - 2, Krasnye kolokola 2) est un film

242 1721 2071 121 historique soviético-italo-mexicain de Sergueï Bondartchouk

222 1842 2165 121 réalisé en 1982. Inspiré par le livre Dix jours qui ébranlèrent

239 1947 2121 129 le monde de John Silas Reed, il relate les événements de la

225 2062 1015 116 Révolution d'octobre 1917.

222 2183 2072 140 Jack Haley Jr. est un producteur, réalisateur, scénariste

220 2307 2060 125 et acteur américain né le 25 octobre 1933 à Los Angeles,

218 2425 1946 123 Californie (États-Unis), décédé le 21 avril 2001 à Santa

214 2532 647 146 Monica (Californie).

261 2664 2099 121 Le port d'armes ou droit de port et possession d'arme est la

214 2783 2121 126 situation par laquelle un individu est équipé d'une ou plusieurs

205 2907 2271 114 armes, pouvant être chargées, ou armées ainsi que son traitement légal.

214 3019 2041 135 Hascombe est une paroisse civile et un village du Surrey, en

199 3125 388 129 Angleterre.

1909 185 485 102 wikitexte_0214
