2550 3300
192 289 2152 140 J'ai lu les conditions de participation et j'y consens. Je comprends

190 412 2088 93 que mon manuscrit sera anonymisé et utilisé par BAnQ pour des

190 511 2110 93 activités de recherche et développement et qu'il pourra aussi

212 605 2169 128 être publié et partagé sous licence CC-BY pour être utilisé librement

209 727 928 92 à des fins non commerciales.

220 910 2216 168 Ronald W. "Ronnie" (Ron) MacKinley (né à Charlottetown à l'Île-du-

203 1031 2130 116 Prince-Édouard) est un homme politique canadien. Il représente la

216 1162 2124 114 circonscription de Cornwall-Meadowbank à l'Assemblée législative

227 1234 2110 149 de l'Île-du-Prince-Édouard de l'élection générale du 18 novembre

240 1369 2066 141 1996 jusqu'à ce qu'il ne représentera pas à l'élection générale du

242 1485 381 86 lundi 4 mai 2015.

240 1639 1064 88 Portail de l'Île-du-Prince-Édouard

249 1774 2077 124 Zuata est l'une des cinq paroisses civiles de la municipalité de

258 1873 2154 132 José Félix Ribas, dans l'État d'Aragua au Venezuela. Sa capitale

255 2002 1920 146 est Zuata. Sa population s'élève à 32 673 habitants.

260 2165 1930 138 Megan Elizabeth Clark est une géologue et dirigeante

258 2284 850 101 d'entreprise australienne.

269 2398 2194 108 Jermaine Bucknor, né le 1er novembre 1983 à Edmonton, au Canada,

269 2539 2196 126 est un joueur canadien de basket-ball. Il évolue au poste d'ailier.

270 2665 2059 160 Payal (en népalais : -) est un comité de développement villageois

273 2808 2165 108 du Népal situé dans le district d'Achham. Au recensement de 2011,

288 2926 911 97 il comptait 4 994 habitants.

262 3054 2256 81 L’UniCo est une radio associative étudiante allemande de Paderborn.

1873 71 499 77 wikitexte_0107
