2550 3300
1860 177 543 88 wikitexte_0226

245 306 2147 123 J'ai lu les conditions de participation et j'y consens.

245 407 2178 135 Je comprends que mon manuscrit sera anonymisé et utilisé

253 513 2164 117 par BAnQ pour des activités de recherche et développement

256 632 2141 154 et qu'il pourra aussi être publié et partagé sous licence

260 770 2269 131 CC-BY pour être utilisé librement à des fins non-commerciales.

249 1002 2071 103 L'USCGC Dallas (WHEC-716) est un navire de classe

249 1125 2167 130 Hamilton de la garde côtière des États-Unis. Lancé en

272 1237 2137 105 1966, il sert de 1968 à 2012 avant d'être revendu à la

249 1325 2177 141 marine philippine en mai 2012. Il est renommé BRP

250 1479 2187 99 Ramon Alcaraz (PF-16), comme second navire de la

239 1592 2115 137 classe Gregorio del Pilar. Il porte le nom du

253 1688 1466 124 commodore Ramon A. Alcaraz (en) .

256 1893 2240 199 Tony Renis, pseudonyme de Elio Cesari, né le 13 mai

258 2049 2169 123 1938 à Milan, est un chanteur, un compositeur, un acteur

260 2200 1381 144 et un producteur de disques italien.

258 2397 2139 140 En 1963, il remporte le festival de Sanremo avec

251 2526 616 115 Emilio Pericoli.

258 2728 2170 146 Leonard Max Adleman, né le 31 décembre 1945 , est

256 2873 2174 160 un chercheur américain en informatique théorique et

271 3026 2148 109 professeur en informatique et en biologie moléculaire à
