2550 3300
392 353 1777 111 J'ai lu les conditions de participation et j'y consens.

390 462 1774 93 Je comprends que mon manuscrit sera anonymisé

387 552 1530 113 et utilisé par BAnQ pour des activités de

390 662 1631 105 recherche et développement et qu'il pourra

390 772 1776 98 aussi être publié et partagé sous licence CC-BY

396 871 1700 110 pour être utilisé librement à des fins non

390 981 592 99 commerciales.

387 1179 1406 113 Erol Josué, né le 13 octobre 1974 à

409 1287 1546 110 Port-au-Prince, en Haïti, est un prêtre

390 1383 1752 121 vaudou, chanteur, danseur, éducateur et expert

387 1496 1736 112 de la culture et de l'histoire du vaudou haïtien.

387 1595 1623 118 Erol Josué est un artiste de renommée

390 1702 1758 115 internationale surtout pour son 2ème album

390 1804 1656 118 "Pélerinaj", actif à travers les Amériques,

418 1905 1570 119 l'Europe et l'Afrique, il tente de changer

390 2013 1692 115 l'image stéréotype négative de la religion,,

396 2125 343 105 vodoo.

390 2337 1807 101 Lornoar, de son vrai nom Berthe Lebah Etono,

390 2436 1612 110 est une auteure compositrice et interprète

387 2538 1615 110 camerounaise. Elle est révélée lors du

387 2637 1568 118 festival international des voix de femme

390 2750 1659 110 Massao en 2010 et remporte en 2019 le

390 2846 1708 126 prix Tanit d’Or de la compétition officielle

1838 82 576 101 wikitexte_0010
