2550 3300
308 385 1904 142 J'ai lu les conditions de participation et j'y

284 507 2042 110 consens. Je comprends que mon manuscrit sera

280 614 2071 117 anonymisé et utilisé par BAnQ pour des activités

283 720 1862 123 de recherche et développement et qu'il

293 836 2038 124 pourra aussi être publié et partagé sous licence

297 937 1932 128 CC-BY pour être utilisé librement à des fins

288 1067 917 67 non commerciales.

291 1152 1942 133 Acid Black Cherry (souvent appelé aussi ABC)

286 1267 2057 147 est le projet solo de yasu (- (Hayashi Yasunori)),

291 1393 2106 106 chanteur du groupe de musique japonais Janne

300 1494 358 82 Da Arc.

295 1613 2152 127 Jouant dans le même registre que les compositions

288 1713 1945 104 de Janne Da Arc période D.N.A, les chansons

286 1806 1928 152 d'ABC sont dotées d'un son plus heavy. Pour

302 1938 1884 132 autant, les ballades et les sons plus jazzy,

316 2048 1909 128 comme pour Black Cherry, ne manquent pas.

324 2134 1992 156 Pour ce projet, Yasu a fait appel à des musiciens

302 2277 1920 119 de renommée, autant pour ses enregistrements

289 2390 2028 125 studio que pour ses prestations live. On peut

313 2466 1997 119 ainsi citer Chisato (Penicillin), DAITA (ex-SIAM

324 2590 1817 134 SHADE), Yuki (DUSTAR-3), AKIHIDE (Breakerz),

319 2714 1834 130 SHUSE (ex-La'cryma Christi), Jun-ji (ex-Siam

305 2816 1843 145 Shade), Makoto, Zozo Suganuma, Ikuo, kiyo

338 2923 767 129 (Janne Da Arc)...

1539 49 959 134 Référence: wikitexte_0064
