2550 3300
322 207 1961 110 Madjid Fahem est un guitariste français né en 1973

288 335 1970 99 à Mantes-la-jolie, en banlieue parisienne. Il joue

272 459 2022 88 avec des groupes locaux pour rejoindre en 2000

233 558 1791 110 Radio Bemba, formation dirigée par Manu Chao.

238 685 1994 108 Il participe au premier disque de la kinky Beat

243 808 1883 97 en 2004. Il est connu pour ses solos enflammés,

239 918 2024 94 notamment sur la version live de Desaparecido.

244 1031 1934 99 Il joue sur une Gibson SG pour les morceaux

244 1152 2124 118 électriques, ou sur une guitare classique pour les

250 1284 2126 85 morceaux à sonorités « rumba » ou traditionnelle.

247 1386 2129 101 On le retrouve sur le DVD live de Manu Chao, Babylonia

227 1516 2178 91 en Guagua, sorti en 2002 et sur les divers disques

242 1622 2140 107 de la Colifate auxquels il participe en tant que

255 1746 2105 102 musiciens, au même titre que Manu Chao. Enfin,

244 1853 2041 116 Madjid s'est beaucoup impliqué dans l'élaboration

261 1971 2046 113 de l'album La Radiolina de Manu Chao, sorti

261 2101 2071 93 en 2007. On le retrouve aussi sur un autre DVD

275 2208 2008 107 live de Manu Chao, Baionarena, sorti en 2009.

1983 34 517 88 wikitexte_0255
