2550 3300
1946 232 470 74 wikitexte_0280

236 327 2071 99 Diane sortant du bain, tableau de François Boucher. Cette page

266 459 1296 91 concerne l'année 1742 en arts plastiques.

240 694 2073 101 Le mot polygraphie désigne la présence conjointe ou successive de

245 817 2092 88 deux ou plusieurs graphies, une graphie étant ici un texte ou

247 936 1901 94 une graphie musicale ou une graphie corégraphique, etc.

255 1160 2121 96 Par exemple, un ouvrage donnant la mélodie, l'accompagnement

253 1284 2038 104 et les paroles de standards de jazz est dit polygraphie - in

239 1399 652 91 article Real Book.

253 1636 2013 93 Ain Soukha (en arabe - -, Al--Ayn al-Sukhnah) est une ville

261 1757 1155 99 du gouvernement de Suez, en Égypte.

264 1991 1939 99 The Sword of the Bushido, signifiant en anglais « l’épée du

269 2109 2038 93 bushido », est un thriller d'action australien diffusé le 7 juin

266 2227 2143 102 1990 réalisé par Adrian Carr (en), écrit par James Wulf Simmonds

258 2340 2074 102 (en) et est produit par John D. Lamond. Il met en vedette

277 2458 1904 99 Richard Norton, Rochelle Ashana (en), Toshiro Obata, Judy

266 2582 2102 91 GreenJudy Green, et Miren Lee (en). Le film a été tourné en

253 2700 1004 85 Thaïlande en langue anglaise.
