2550 3300
242 345 2035 178 J'ai lu les conditions de participation et j'y

245 518 1879 113 consens. Je comprends que mon manuscrit

240 632 2060 93 sera anonymisé et utilisé par BAnQ pour des

243 742 1959 100 activités de recherche et développement et

240 852 2098 120 qu'il pourra aussi être publié et partagé sous

238 960 2016 86 licence CC-BY pour être utilisé librement à

236 1078 1220 75 des fins non commerciales.

253 1281 1925 117 Dans la mythologie grecque, Nausithoé (en

244 1394 2055 93 grec ancien - / Nausithóê) est une Néréide, fille

238 1518 2143 89 de Nérée et de Doris, citée par Apollodore dans

239 1617 894 90 sa liste de Néréide .

236 1816 1890 120 À vous les femmes et le deuxième album

236 1932 2027 131 francophone du chanteur espagnol Julio Igliesias sorti

236 2073 1004 77 en mai 1979 chez CBS.

234 2262 2057 112 C'est l'album le plus vendu de la carrière de Julio

233 2392 1945 115 Iglesias en France, ayant été vendu à plus de

234 2517 2137 106 1,2 million d'exemplaires et a été certifié disque

236 2600 2170 131 de diamant par le Syndicat national de l'édition

236 2739 2082 91 phonographique,,,. Il est également certifié disque

240 2820 721 106 d'or au Canada.

1917 36 517 77 Wikitexte_0043
