2550 3300
1881 118 503 99 wikitexte_0275

167 220 1863 121 J'ai lu les conditions de participation et j'y consens. Je

170 352 2118 107 comprends que mon manuscrit sera anonymisé et utilisé par

167 451 2113 129 BAnQ pour des activités de recherche et développement et qu'il

165 580 2038 121 pourra aussi être publié et partagé sous licence CC-BY

181 701 2069 99 pour être utilisé librement à des fins non commerciales.

143 811 2109 115 Philippe Vallancien, dit Calvi, est un dessinateur de

198 937 2030 108 presse, caricaturiste et illustrateur français né le

189 1053 2074 104 3 septembre 1938 à Besançon et mort le 11 avril 2022

184 1149 382 121 à Paris.

173 1287 2082 115 Zhang Guoqing (chinois simplifié : - ; pinyin : Zh-ng Guóq-

198 1410 1840 105 ng), né en août 1964, est un homme politique chinois.

178 1515 2102 115 Membre du politburo du Parti communiste chinois, il est

184 1633 1983 116 l'un des quatre Vice-Premiers ministres du Conseil des

176 1760 2107 132 affaires de l'Etat de la république populaire de Chine depuis

198 1878 244 104 2023.

189 1982 2044 121 University of Akron Concert est un album en public du

187 2103 2019 121 guitariste Joe Pass sorti en 1985 chez Pablo Records.

189 2224 1857 121 Moshi Moshi Records est un petit label de musique

189 2354 1208 107 indépendant basé à Londres.

178 2469 2055 107 Son nom provient de « Moshi moshi », une interjection

184 2585 1991 118 japonaise que l'on adresse au téléphone pour

206 2711 1059 102 saluer son interlocuteur.

211 2824 1860 104 Le label a fêté son dixième anniversaire en

228 2939 1692 116 octobre 2008 lors d'une fête à l'O2 Arena
