2550 3300
302 328 633 106 Wikitexte_0210

324 467 2099 88 J'ai lu les conditions de participation et j'y consens.

321 559 2036 101 Je comprends que le manuscrit sera anonymisé et

326 665 1998 103 utilisé par BAnQ pour des activités de recherche

348 760 1849 120 et développement et qu'il pourra aussi être

355 856 2002 123 publié et partagé sous licence CC-BY pour être

333 968 1928 110 utilisé librement à des fins non commerciales.

357 1103 2031 121 Albert Kalonji est un homme politique et homme

359 1210 1662 115 d'affaires congolais, né le 6 juin 1929 à

374 1303 1686 121 Hemptinne Saint-Benoît près de Luluabourg

368 1398 1897 131 (aujourd’hui Kananga) au Congo belge et mort le

390 1515 1191 120 20 avril 2015  à Mbuji-Mayi.

407 1664 1954 97 Cofondateur, avec Patrice Lumumba, du Mouvement

407 1756 1796 92 national congolais (MNC), il milite avec lui

401 1855 2033 97 pour l’indépendance du Congo. Des dissensions

423 1941 1866 114 aboutissent à la scission du MNC en deux

412 2035 1963 108 branches, connues sous les noms de MNC-Lumumba

420 2113 1843 118 et MNC-Kalonji. En 1960, Albert Kalonji a été élu

420 2211 1887 104 empereur des Lubas et chef d’État du Sud-Kasaï par les

398 2295 1834 104 ministres et le peuple kasaian. Albert Kalonji a été

399 2381 1921 108 couronné par l'église et la tribu luba le 12 avril 1961.

409 2458 1865 123 Cette indépendance de fait durera jusqu’au mois de

423 2568 552 77 septembre 1962.

423 2623 1782 119 Novato (en anglais [n-v-to-]) est une ville dans le

429 2689 1884 123 comté de Marin en Californie. Elle se trouve dans

429 2768 1851 136 la région urbaine de San Francisco. Sa population

431 2850 1827 153 s'élevait à 47 630 habitants lors du recensement

451 2986 330 90 de 2000.
