2550 3300
1876 231 500 60 wikitexte_0296

327 335 2104 72 Jean Schorn, appelé Schorn le Jeune, né le 16 mars 1912

310 453 2099 88 à Cologne et mort le 4 avril 1994 à Cologne, est un

335 572 1829 77 coureur cycliste sur piste allemand et multiple

338 687 1218 77 champion national de cyclisme.

335 915 2041 86 Jared Rushton est un acteur américain né le 3 mars

330 1046 1337 72 1974 à Provo, Utah (Etats-Unis).

308 1270 1994 85 Molhem Barakat est un travailleur indépendant et

308 1399 2189 83 correspondant de guerre syrien décédé le 20 décembre 2013.

310 1518 2077 77 Son âge exact lors de sa mort n'est pas connu, certains

302 1633 1909 91 affirment qu'il n'avait pas 17 ans, et l'Agence

310 1754 1695 77 France-Presse declare qu'il avait 18 ans .

316 1982 2000 86 L'ère Kannin (en japonais : -) est une des ères du

286 2106 2021 80 Japon (-, neng-, littéralement « le nom de l'année »)

305 2224 1799 80 suivant l'ère ch-wa et précédant l'ère Jian

286 2337 2057 83 s'étendant du mois d'avril 1017 au mois de février

319 2464 1917 77 1021. L'empereur régnant est Go-Ichij--tenn- (-).
