2479 3504
1581 213 626 119 wikitexte_0094

292 338 2029 138 J'ai lu les conditions de participation et j'y consens. Je

271 470 2009 123 comprends que mon manuscrit sera anonymisé et utilisé

272 580 2119 124 par BAnQ pour des activités de recherche et développement

248 700 2125 149 et qu'il pourra aussi être publié et partagé sous licence CC-BY

280 814 2003 126 pour être utilisé librement à des fins non commerciales.

274 1057 2020 137 Mes souliers sont rouges, parfois abrégé MSSR, est un groupe

268 1173 1904 129 de folk français. Formé en 1991, son style musical est d'abord

280 1299 2128 114 traditionnelle québécoise et française, s'étant ensuite orienté vers

286 1422 2176 131 la variété française et connait plusieurs coupures dans sa carrière.

254 1646 2105 129 Rebecca du ruisseau >< ensoleillé (Rebecca of Sunnybrook farm) est

254 1778 2123 134 un roman américain pour la jeunesse écrit par Kate Douglas Wiggin et

280 1895 991 119 publié aux États-Unis en 1903.

245 2014 2161 111 Grand succès de librairie aux États-Unis, l'auteur écrira une suite en 1907,

278 2135 1655 115 >< inédite en France : New Chronicles of Rebecca.

253 2263 2017 106 En France, le roman est paru pour la première fois en 1948 sous le

245 2386 2008 120 titre La Petite Rebecca du ruisseau ensoleillé puis réédité sous

277 2505 1661 111 le titre raccourci de Rebecca du ruisseau ensoleillé.

248 2727 2149 143 Filió Sidéri-Chaïdeménou (grec moderne : - --- ; 28 octobre 1899 - 6 juin

247 2859 2056 145 2007) est une supercentenaire et réfugiée grecque de première génération.

251 3089 2222 128 Bratton Township est un township du comté d'Adams dans l'Ohio, aux États-Unis,.
