2550 3300
1757 16 638 105 WIKITEXTE-0041

275 210 2086 138 J'ai lu les conditions de participation et j y consente.

249 333 2080 120 Je comprends que mon manuscrit et qu'il pourra

236 433 2192 142 aussi être publié et partagé sous licence CC-BY pour

237 566 2162 150 être utilisé librement à des fins NON commerciales.

253 764 2149 162 Jean-Marc Fabre est un chef opérateur français né le 7 juin

261 915 2138 133 1964. Il est également réalisateur et dirige la société

249 1025 1328 109 Guns and Knives Productions.

236 1277 2231 145 Incendies est une pièce de théâtre de Wajdi Mouawad

245 1402 905 86 créée le 14 MARS 2003.

236 1512 2187 133 Georges Ier de Byurakan ou Géorg Ier Biwrakanc‘i

255 1611 2041 181 (en arménien --- ) est Catholicos de l'église apostolique

238 1740 1150 100 arménienne de 792 À 795.

251 1871 2170 131 Le Forum des socialistes des pays de la CEI est une

227 1996 2187 118 organisation qui réunit les partis sociaux-démocrates

240 2088 2231 140 et socialistes des de la Communauté des Étas indépendants.

238 2222 2157 114 Anthony SAUX (NE le 22 NOVEMBRE 1991 A BREST) est un coureur cycliste

236 2354 2262 100 français. Il a notamment remporté le Tour du Loir-et-CHER EN

2349 2299 143 60 2011

264 2455 2239 97 Joseph Deckmyn, dit Jo Dekmine (NE à Bruxelles le 19 Février

243 2572 2251 119 193 et mort le 23 septembre 2017), est un directeur de theatre Belg

244 2695 2289 131 LA Civette palmiste à bandes de Derby (Hemigalus derbyanus),

242 2825 2236 108 ou Civette palmiste à bandes ou Hemigale zébré, est une

233 2927 2014 120 espèce de mammifères carnivores de la famille des

232 3043 2141 141 viverrides. C'est la seule espèce du genre Hemigalus.
