2550 3300
255 170 1309 126 Référence du texte : wikitexte_0181

258 269 2084 173 J'ai lu les conditions de participation et j'y consens. Je

277 416 2063 131 comprends que mon manuscrit sera anonymisé et utilisé

271 486 2134 152 par BAnQ pour des activités de recherche et développement

269 639 1998 129 et qu'il pourra aussi être publié et partagé sous licence

260 749 1825 123 CC-BY pour être utilisé librement à des fins non

258 872 455 72 commerciales.

236 1076 2161 131 Michael Sim-es Domingues, plus communément appelé Mika,

242 1193 2098 90 né le 8 mars 1991 à Yverdon-les-Bains (Suisse), est un

238 1303 2183 129 footballeur portugais qui évolue au poste de gardien de but.

247 1411 2200 152 L’hôtel de Bastard-Castaing est un ancien hôtel particulier

243 1519 2211 109 du XVIIIe siècle situé dans la commune de Lectoure dans

240 1648 1999 121 le département français du Gers en région Occitanie.

229 1752 2231 92 Il ne doit pas être confondu avec l'hôtel de Bastard, plus ancien,

221 1862 2149 116 ni avec l’hôtel de Castaing, tous deux situés rue Nationale.

210 1970 2018 92 Il est aujourd'hui devenu l’hôtel-restaurant Le Bastard,

210 2079 1167 91 établissement classé trois étoiles.

198 2180 2189 139 Xavier-Ignace-Marie-Auguste Bernard de Courville dit Xavier

201 2300 2204 94 de Courville, né le 23 septembre 1894 à Lorient et mort le 1er août

207 2418 2174 88 1984 à Cachan, est un écrivain, un historien et un directeur de

201 2503 589 135 théâtre français.

199 2609 2196 159 Jason Becker né Jason Eli Becker est un guitariste de metal

199 2757 1626 132 néo-classique américain né le 22 juillet 1969.

194 2831 2223 161 Boris Quercia Martinic, né le 31 août 1967 à Santiago, est un

196 2981 2227 89 acteur, réalisateur, scénariste, producteur et romancier chilien.
