2550 3300
1845 33 479 89 wikitexte_0254

242 206 2076 99 Jean Galtier-Boissière, né le 26 décembre 1891 à Paris

258 321 2038 119 et mort le 22 janvier 1966 à Neuilly-sur-Seine, est un

236 445 1904 107 romancier, polémiste, peintre et journaliste français.

255 561 2138 110 Créateur du périodique satirique Le Crapouillot, puis

225 682 2185 106 un temps journaliste au Canard enchainé, il se rapproche

238 806 1172 81 ensuite de l'extrême droite .

231 921 1911 102 Dinotopia (Dinotopia: The Series) est une série télévisée

247 1045 2047 85 américaine en treize épisodes de 42 minutes dont

242 1149 2082 102 seulement six épisodes ont été diffusés entre le

233 1270 1997 94 28 novembre 2022 et le 26 décembre 2022 sur le

250 1386 2063 99 réseau ABC. Les épisodes restants ont été diffusés

239 1507 1870 115 à partir du 6 juillet 2003 au Royaume-Uni.

255 1625 2085 96 La série fait suite à la mini-série Dinotopia avec

250 1743 927 105 des acteurs différents.

261 1861 1925 94 En France, la série a été diffusée à partir du

236 1982 2058 102 14 avril 2005 sur M6 puis rediffusée sur Téva, W9,

231 2098 2104 96 TF6, à partir du 14 avril 2013 sur 6Ter et dés le

231 2216 1128 94 25 novembre 2016 sur Gulli.

225 2332 2019 104 En Belgique, à partir du 27 décembre 2004 sur

228 2450 2107 96 la Une puis rediffusée dés le 20 décembre 2014 sur

255 2571 2072 96 AB3. Elle reste néanmoins inédite dans les autres

232 2696 789 101 pays francophones.
