2550 3300
206 330 2211 236 J'ai lu les conditions de participation et j'y consens. Je

207 517 2216 187 comprends que mon manuscrit sera anonymisé et utilisé par

220 629 2131 193 BAnQ pour des activités de recherche et développement et

239 745 2068 220 qu'il pourra aussi être publié et partagé sous licence

275 896 1999 172 CC-BY pour être utilisé librement à des fins non

277 1024 585 99 commerciales.

258 1177 2066 200 Le Great North Run est une course de semi-marathon se

261 1300 2148 209 déroulant tous les ans entre les villes de Newcastle upon Tyne et

289 1430 2106 163 South Shields, au Royaume-Uni. Créée en 1981 par l'ancien

288 1532 2065 158 coureur de fond Brendan Foster, l'épreuve fait partie du

311 1644 2068 139 circuit international des IAAF Road Race Label Events,

300 1754 1529 125 dans la catégorie des « Labels d'or ».

315 1945 2167 141 Georges Leonards (en grec moderne : - -), né le 20 février

332 2062 2099 171 1937, est un journaliste et écrivain grec, spécialiste du

344 2168 742 121 roman historique.

354 2300 2113 186 Nicolas de Nicoläy est un soldat et géographe français, né en

354 2427 2058 189 1517 à La Grave et décédé le 25 juin 1583 à Soissons.

365 2575 1900 197 Il devient géographe du roi Henri II, et également

382 2714 1304 143 seigneur d'Arfeuille et de Belair.

2091 73 405 106 wikitexte_00
