2550 3300
328 247 1853 92 Paul Williams, surnommé Paul « Hucklebuck »

341 364 1876 123 Williams (1915-2002), est un saxophoniste baryton

313 476 1932 101 et alto, chanteur et chef d’orchestre de rhythm and

315 588 1891 134 blues américain, né à Lewisburg, au Tennessee

317 711 831 111 et mort à New York.

313 830 2010 121 Monoblemma est un genre d'araignées aranéomorphes

306 938 1293 85 de la famille des Tetrablemmidae.

311 1048 1995 117 Lucien Walter, nom de scène d'Eugène Lucien Alfred

319 1164 2010 91 Bollender, est un acteur français, né le 5 février 1866

319 1277 1631 112 à Paris, ville où il est mort le 17 février 1945.

315 1393 1778 84 Edward J. LeSaint (13 décembre 1870 à Cincinnati -

317 1507 1889 89 10 septembre 1940 à Hollywood (Los Angeles) est un

317 1620 1965 113 acteur et réalisateur américain qui joua dans plus

311 1736 1429 116 de 300 films et en dirigea plus de 90.

304 1844 1963 114 Giuseppe Guerzoni (né soit à Calcinato, soit à Castel

299 1956 1821 91 Goffredo,,, ou Mantoue le 27 février 1835, mort à

297 2066 1838 114 Montichiari le 26 novembre 1886) est un patriote,

291 2187 1895 120 écrivain italien et principal biographe de Giuseppe

293 2289 396 79 Garibaldi.

304 2403 1924 129 Nâsser Farhangfar (- - - - ; Téhéran, 1947-1997) était

302 2530 1864 84 un joueur de tombak, instrument de percussion

319 2634 1834 121 iranien. Il était également poète, calligraphe et

308 2755 1941 112 chantait, en s'accompagnant, d'une voix puissante.

1751 38 637 86 wikitexte_0056
