2550 3300
1867 16 664 83 wikitexte_0231

221 198 2189 93 Hervé Revelli, né le 5 mai 1946 à Verdun dans la Meuse,

223 315 2147 120 est un footballeur international puis entraîneur français.

218 432 2159 105 Il est notamment connu pour être le meilleur buteur de

214 546 2185 101 l'histoire de l'AS Saint-Étienne, dont il porte le maillot

212 672 2035 96 vert entre 1966 et 1971, puis entre 1973 et 1978. Son

212 795 2149 97 aventure stéphanoise est coupée par 2 saisons à Nice de 1971

214 913 2137 95 à 1973, il termine sa carrière au CS Chênois puis à la

214 1034 1185 86 Berrichonne de Châteauroux.

209 1147 2161 112 Il dispute 30 rencontres avec l'équipe de France entre 1966

212 1266 1209 94 et 1975, pour 15 buts inscrits.

218 1387 2181 140 Serge Thion, né le 25 avril 1942 à Issy-les-Moulineaux

209 1503 2100 126 et mort à Créteil le 15 octobre 2017, est un sociologue

212 1596 1961 155 français, spécialiste de l'Asie du Sud-Est, ancien

209 1736 2161 101 chercheur au CNRS, militant anticolonialiste devenu

218 1870 1587 127 négationniste à partir des années 1970.

214 1987 1961 127 Le Czrni Sosnowiec (pl) (Kolejowy Klub Sportowy

212 2099 2005 128 Czarni Sosnowiec) est un club de football polonais

220 2225 801 77 basé à Sosnowiec.
