<?xml version="1.0" encoding="UTF-8"?>
<alto xmlns:xsi="http://www.w3.org/2001/XMLSchema-instance"
      xmlns="http://www.loc.gov/standards/alto/ns-v4#"
      xsi:schemaLocation="http://www.loc.gov/standards/alto/ns-v4# http://www.loc.gov/standards/alto/v4/alto-4-2.xsd">
  <Description>
    <MeasurementUnit>pixel</MeasurementUnit>
    <sourceImageInformation>
      <fileName>wikitexte_0053_1.jpg</fileName>
    </sourceImageInformation>
  </Description>
  <Tags>
    <OtherTag ID="BT1" LABEL="Title" DESCRIPTION="block type Title"/><OtherTag ID="BT2" LABEL="Main" DESCRIPTION="block type Main"/><OtherTag ID="BT3" LABEL="Commentary" DESCRIPTION="block type Commentary"/><OtherTag ID="BT4" LABEL="Illustration" DESCRIPTION="block type Illustration"/><OtherTag ID="BT17" LABEL="text" DESCRIPTION="block type text"/>
    <OtherTag ID="LT17" LABEL="default" DESCRIPTION="line type default"/>
  </Tags>
  <Layout>
    <Page WIDTH="2550"
          HEIGHT="3300"
          PHYSICAL_IMG_NR="0"
          ID="eSc_dummypage_">
      <PrintSpace HPOS="0"
                  VPOS="0"
                  WIDTH="2550"
                  HEIGHT="3300">
        <TextBlock HPOS="212"
                   VPOS="29"
                   WIDTH="2293"
                   HEIGHT="3093"
                   ID="eSc_textblock_5f254bde"
                   TAGREFS="BT17">
          <Shape><Polygon POINTS="1832 29 2388 29 2425 66 2388 159 2461 352 2469 826 2425 870 2280 900 2131 982 2140 1012 2344 1034 2425 1092 2454 1327 2425 1494 2359 1538 1218 1611 1091 1648 2036 1694 1955 1721 2278 1738 2368 1833 2476 1870 2491 1970 2403 2146 2454 2200 2439 2748 2461 2894 2505 2940 2505 3078 2410 3122 256 3092 227 3041 212 2720 256 1934 234 359 264 168 315 139 1603 154 1713 139 1759 36 1832 29"/></Shape>
          <TextLine ID="eSc_line_e453c138"
                    TAGREFS="LT17"
                    BASELINE="1750 100 2395 104" 
                    HPOS="1748"
                    VPOS="36"
                    WIDTH="647"
                    HEIGHT="90">
            <Shape><Polygon POINTS="1750 100 1748 110 1825 124 1827 124 1896 115 1922 124 1924 124 1926 124 1928 124 1929 124 1929 122 1939 113 1940 113 1995 113 1997 115 2006 122 2006 124 2008 124 2010 124 2012 124 2014 124 2036 115 2041 113 2058 115 2115 126 2117 126 2173 117 2194 115 2201 119 2214 124 2216 124 2217 124 2252 119 2280 115 2392 121 2395 104 2392 38 2137 64 2120 47 2111 40 2111 38 2109 38 2107 38 2106 38 2052 40 2051 40 2049 40 2036 51 2023 60 2006 51 1972 36 1970 36 1968 36 1966 36 1964 36 1964 38 1948 55 1939 64 1920 64 1906 55 1865 36 1863 36 1862 36 1860 36 1816 58 1810 62 1805 60 1785 49 1783 49 1781 49 1779 49 1750 60 1750 100"/></Shape>
	    <String CONTENT="wikitexte_0053"
                    HPOS="1748"
                    VPOS="36"
                    WIDTH="647"
                    HEIGHT="90"></String>
          </TextLine>
          <TextLine ID="eSc_line_4bc4c8e9"
                    TAGREFS="LT17"
                    BASELINE="300 223 647 236 2250 236" 
                    HPOS="299"
                    VPOS="168"
                    WIDTH="1951"
                    HEIGHT="96">
            <Shape><Polygon POINTS="300 223 299 240 416 251 418 251 478 242 484 242 489 242 554 256 555 256 636 243 647 242 651 243 678 260 680 260 682 260 684 260 752 247 785 254 787 254 788 254 790 254 809 243 814 242 840 243 917 253 919 253 957 245 966 243 970 245 994 258 996 258 997 258 1100 256 1102 256 1122 245 1128 243 1131 245 1153 256 1155 256 1157 256 1271 247 1317 243 1324 247 1341 256 1342 256 1421 258 1423 258 1425 258 1454 249 1463 245 1469 249 1495 262 1496 262 1498 264 1599 264 1599 262 1601 262 1636 251 1654 258 1656 258 1658 258 1660 258 1687 249 1709 243 1737 249 1786 262 1788 264 1885 264 1885 262 1887 262 1928 251 1955 243 1979 251 1988 254 1990 254 1992 254 2016 251 2074 243 2148 243 2184 253 2219 262 2221 262 2223 262 2225 262 2249 253 2250 236 2245 170 2162 201 2063 201 1951 170 1950 170 1948 170 1946 170 1880 201 1819 201 1757 170 1755 170 1693 170 1691 170 1689 170 1636 199 1574 187 1572 187 1570 187 1544 201 1452 201 1377 170 1375 170 1374 170 1372 170 1317 201 1289 201 1251 179 1249 179 1247 179 1245 179 1203 198 1139 168 1137 168 1135 168 1133 168 1128 168 1069 177 1021 168 1018 168 1016 168 1014 168 957 196 897 185 895 185 893 185 867 199 809 199 713 168 711 168 709 168 708 168 653 199 621 199 539 168 537 168 535 168 533 168 467 198 414 168 412 168 300 168 300 223"/></Shape>
	    <String CONTENT="J&#x27;ai lu les conditions de participation et"
                    HPOS="299"
                    VPOS="168"
                    WIDTH="1951"
                    HEIGHT="96"></String>
          </TextLine>
          <TextLine ID="eSc_line_bc98c21d"
                    TAGREFS="LT17"
                    BASELINE="286 350 2423 350" 
                    HPOS="283"
                    VPOS="283"
                    WIDTH="2137"
                    HEIGHT="107">
            <Shape><Polygon POINTS="283 349 283 390 448 390 448 387 453 387 489 360 508 374 588 360 778 379 844 360 938 374 1163 360 1246 387 1400 360 1477 385 1485 385 1510 374 1526 363 1537 374 1565 390 1677 390 1677 387 1733 360 2338 379 2420 360 2417 283 2349 286 2321 310 1532 310 1499 283 1424 283 1397 302 1265 286 1240 302 1089 294 1064 308 1034 283 916 283 883 308 662 288 654 288 632 308 445 308 401 286 390 286 365 305 338 283 283 283 283 349"/></Shape>
	    <String CONTENT="j&#x27;y consens. Je comprends que mon manuscrit"
                    HPOS="283"
                    VPOS="283"
                    WIDTH="2137"
                    HEIGHT="107"></String>
          </TextLine>
          <TextLine ID="eSc_line_f0804f75"
                    TAGREFS="LT17"
                    BASELINE="245 471 519 463 1898 462 2419 473" 
                    HPOS="245"
                    VPOS="401"
                    WIDTH="2174"
                    HEIGHT="95">
            <Shape><Polygon POINTS="245 471 245 495 383 478 420 487 421 487 423 487 425 487 486 471 543 480 544 480 607 474 673 493 678 495 680 495 682 496 827 496 827 495 829 495 832 493 860 480 944 485 946 485 948 485 979 471 1049 471 1080 485 1082 485 1084 485 1238 471 1383 487 1385 487 1474 473 1535 489 1552 495 1553 495 1555 496 1656 496 1656 495 1658 495 1678 489 1744 471 2014 474 2038 487 2052 495 2054 495 2056 495 2205 487 2219 485 2221 485 2245 474 2317 487 2366 495 2368 495 2417 485 2419 473 2419 418 2388 401 2386 401 2339 401 2337 401 2335 401 2300 418 2285 427 2063 427 2051 419 2014 401 2012 401 2010 401 1957 410 1939 401 1937 401 1823 401 1821 401 1819 401 1783 419 1772 425 1706 421 1638 416 1636 416 1634 416 1619 421 1607 425 1597 421 1557 401 1555 401 1322 401 1320 401 1319 401 1280 421 1252 421 1196 425 1185 423 1119 401 1117 401 1115 401 1113 401 1053 423 1047 425 1042 423 999 401 997 401 935 401 933 401 831 423 821 425 717 425 572 423 543 408 541 408 539 408 537 408 502 425 502 427 328 427 319 427 291 412 289 412 288 412 286 412 245 425 245 471"/></Shape>
	    <String CONTENT="sera anonymisé et utilisé par BAnQ pour des"
                    HPOS="245"
                    VPOS="401"
                    WIDTH="2174"
                    HEIGHT="95"></String>
          </TextLine>
          <TextLine ID="eSc_line_df410606"
                    TAGREFS="LT17"
                    BASELINE="262 577 1230 572 1552 584 2423 581" 
                    HPOS="260"
                    VPOS="511"
                    WIDTH="2163"
                    HEIGHT="94">
            <Shape><Polygon POINTS="262 577 262 586 341 603 343 603 344 603 385 588 392 584 399 588 412 594 414 594 416 594 587 588 684 584 698 588 750 603 752 603 753 603 755 603 812 588 829 584 900 588 1008 594 1010 594 1012 594 1025 588 1038 583 1364 583 1379 588 1407 601 1408 601 1410 601 1471 588 1478 588 1528 588 1586 590 1614 605 1616 605 1618 605 2017 603 2019 603 2058 592 2236 603 2238 603 2239 603 2267 590 2271 588 2289 590 2394 603 2395 603 2397 603 2423 590 2423 581 2421 524 2397 515 2395 515 2394 515 2392 515 2372 524 2342 540 2313 540 2272 526 2234 511 2232 511 2230 511 2228 511 2199 526 2173 539 2124 529 2122 529 2120 529 2100 540 1977 540 1953 529 1951 529 1950 529 1865 539 1847 529 1825 518 1823 518 1821 518 1819 518 1796 529 1781 537 1768 529 1729 513 1728 513 1671 513 1669 513 1667 513 1630 531 1612 542 1513 542 1496 533 1456 513 1454 513 1452 513 1451 513 1410 533 1396 542 1300 542 1287 535 1238 513 1236 513 1234 513 1120 529 1086 513 1084 513 1027 513 1025 513 1023 513 992 529 966 522 964 522 963 522 961 522 913 539 902 544 807 544 799 540 741 515 739 515 737 515 735 515 675 540 673 542 669 540 618 515 616 515 478 515 476 515 475 515 454 524 352 515 350 515 348 515 260 544 262 577"/></Shape>
	    <String CONTENT="activités de recherche et développement et"
                    HPOS="260"
                    VPOS="511"
                    WIDTH="2163"
                    HEIGHT="94"></String>
          </TextLine>
          <TextLine ID="eSc_line_d43852ad"
                    TAGREFS="LT17"
                    BASELINE="267 696 768 689 1962 704 2368 696" 
                    HPOS="267"
                    VPOS="621"
                    WIDTH="2101"
                    HEIGHT="117">
            <Shape><Polygon POINTS="267 696 267 727 339 727 339 726 341 726 399 700 421 711 423 711 425 711 427 711 465 702 508 724 513 727 515 727 517 729 614 729 614 727 616 727 625 724 665 702 781 698 814 713 816 713 818 713 820 713 853 700 963 709 964 709 1115 700 1135 713 1137 713 1139 713 1141 713 1142 713 1172 702 1249 702 1273 713 1275 713 1276 713 1278 713 1306 702 1385 711 1386 711 1432 702 1458 716 1491 733 1493 733 1495 735 1568 735 1568 733 1570 733 1638 715 1652 711 1685 713 1777 722 1779 722 1781 722 1801 713 1810 709 1874 709 1889 711 1994 735 2098 737 2100 737 2205 713 2250 737 2252 737 2254 738 2311 738 2311 737 2313 737 2366 707 2368 696 2366 632 2335 632 2333 632 2331 632 2283 656 2219 632 2217 632 2216 632 2214 632 2212 632 2210 632 2161 658 2030 658 1986 634 1979 630 1977 630 1975 630 1973 630 1962 634 1904 656 1845 634 1832 630 1830 630 1729 628 1665 628 1663 628 1662 628 1645 636 1605 656 1441 656 1399 638 1374 627 1372 627 1276 627 1275 627 1273 627 1251 638 1221 654 1164 654 1137 639 1115 628 1113 628 1111 628 1109 628 1071 639 1036 649 999 639 972 634 970 634 968 634 950 639 920 652 842 652 821 641 792 627 790 627 788 627 787 627 737 641 713 649 695 641 689 639 687 639 686 639 640 641 544 649 533 643 493 621 491 621 489 621 421 630 376 621 374 621 372 621 332 641 293 634 291 634 289 634 267 641 267 696"/></Shape>
	    <String CONTENT="qu&#x27;il pourra aussi être publié et partagé"
                    HPOS="267"
                    VPOS="621"
                    WIDTH="2101"
                    HEIGHT="117"></String>
          </TextLine>
          <TextLine ID="eSc_line_ead692c0"
                    TAGREFS="LT17"
                    BASELINE="262 801 447 795 2186 808 2439 801" 
                    HPOS="262"
                    VPOS="731"
                    WIDTH="2177"
                    HEIGHT="101">
            <Shape><Polygon POINTS="262 801 262 819 522 804 554 819 557 821 559 821 561 821 563 821 570 819 605 810 653 819 675 823 676 823 728 819 792 814 842 819 886 823 887 823 889 823 898 819 924 806 966 806 1025 817 1060 825 1062 825 1064 825 1086 817 1117 808 1227 808 1247 817 1249 817 1251 817 1254 817 1289 810 1306 817 1324 826 1326 826 1328 826 1539 817 1652 812 1663 815 1687 828 1689 828 1691 828 1693 828 1729 819 1812 828 1814 828 1816 828 1841 815 1851 812 1867 815 1922 830 1924 830 1926 830 2177 815 2183 815 2232 832 2234 832 2236 832 2317 815 2362 832 2364 832 2366 832 2438 814 2439 801 2436 762 2394 768 2368 760 2309 744 2307 744 2234 744 2232 744 2230 744 2195 760 2181 770 2150 770 2133 760 2095 742 2093 742 1968 742 1966 742 1964 742 1918 760 1902 768 1852 768 1838 760 1814 748 1812 748 1746 740 1744 740 1742 740 1684 759 1665 766 1608 766 1597 759 1570 746 1568 746 1566 746 1564 746 1524 759 1511 762 1482 759 1416 749 1414 749 1375 759 1357 762 1348 759 1309 738 1308 738 1260 737 1183 737 1181 737 1179 737 1128 757 1087 738 1086 738 1023 738 1021 738 1020 738 983 757 974 760 937 757 871 749 869 749 790 757 755 759 695 757 651 733 649 733 616 733 614 733 612 733 566 755 563 759 500 759 497 755 458 737 456 737 454 737 365 751 324 731 322 731 321 731 319 731 262 751 262 801"/></Shape>
	    <String CONTENT="sous licence CC-BY pour être utilisé libre-"
                    HPOS="262"
                    VPOS="731"
                    WIDTH="2177"
                    HEIGHT="101"></String>
          </TextLine>
          <TextLine ID="eSc_line_1f35abd6"
                    TAGREFS="LT17"
                    BASELINE="256 914 1304 920 2142 935" 
                    HPOS="255"
                    VPOS="852"
                    WIDTH="1887"
                    HEIGHT="101">
            <Shape><Polygon POINTS="256 914 255 922 313 940 315 940 317 940 409 929 425 936 427 936 429 936 431 936 451 925 458 922 510 925 601 935 603 935 642 927 678 922 697 929 733 944 735 944 737 944 842 931 891 925 904 933 928 946 930 946 1062 947 1064 947 1065 947 1109 935 1141 927 1207 927 1223 936 1225 936 1227 936 1229 936 1234 936 1330 929 1364 938 1388 946 1390 946 1392 946 1394 946 1408 940 1430 931 1502 931 1522 942 1541 951 1542 951 1544 951 1662 944 1761 936 1814 946 1860 953 1862 953 2140 949 2142 935 2142 887 2109 869 2107 869 2106 869 1977 869 1975 869 1973 869 1924 885 1913 889 1902 885 1887 881 1885 881 1884 881 1863 885 1836 891 1825 885 1812 878 1810 878 1808 878 1807 878 1792 885 1777 891 1761 883 1750 880 1748 880 1746 880 1695 883 1616 889 1599 881 1566 867 1564 867 1563 867 1561 867 1559 867 1537 881 1515 894 1410 894 1359 878 1322 869 1320 869 1319 869 1317 869 1297 878 1276 887 1247 878 1243 876 1241 876 1240 876 1230 878 1168 889 1146 876 1126 863 1124 863 1122 863 1120 863 1119 863 1095 874 1045 858 1043 858 1016 858 1014 858 1012 858 983 874 957 889 909 889 884 872 865 859 864 859 862 859 860 859 858 859 842 867 823 856 821 856 820 856 765 856 763 856 761 856 733 870 706 885 636 885 610 869 601 863 599 863 598 863 596 863 594 863 576 869 524 883 487 867 454 852 453 852 412 852 410 852 409 852 383 865 355 881 256 865 256 914"/></Shape>
	    <String CONTENT="ment à des fins non commerciales."
                    HPOS="255"
                    VPOS="852"
                    WIDTH="1887"
                    HEIGHT="101"></String>
          </TextLine>
          <TextLine ID="eSc_line_25070d76"
                    TAGREFS="LT17"
                    BASELINE="286 1134 1078 1144 1177 1151 2406 1153" 
                    HPOS="286"
                    VPOS="1070"
                    WIDTH="2120"
                    HEIGHT="114">
            <Shape><Polygon POINTS="286 1134 286 1149 438 1149 442 1149 491 1177 493 1177 495 1178 579 1178 579 1177 581 1177 660 1153 664 1151 667 1153 715 1177 717 1177 719 1177 970 1155 1007 1153 1045 1156 1071 1158 1111 1178 1113 1178 1115 1180 1249 1180 1249 1178 1346 1160 1355 1158 1368 1160 1441 1169 1443 1169 1445 1169 1467 1160 1478 1156 1502 1160 1537 1167 1539 1167 1541 1167 1557 1162 1570 1156 1707 1158 1717 1164 1764 1182 1766 1182 1768 1184 1847 1184 1847 1182 1849 1182 1887 1166 1904 1158 1984 1166 2078 1175 2080 1175 2082 1175 2096 1167 2111 1160 2137 1167 2144 1169 2146 1169 2148 1169 2168 1167 2260 1158 2403 1169 2406 1153 2406 1103 2361 1079 2359 1079 2328 1079 2326 1079 2324 1079 2289 1096 2269 1089 2267 1089 2265 1089 2263 1089 2232 1100 2219 1107 2107 1109 2085 1098 2049 1079 2047 1079 1984 1078 1983 1078 1981 1078 1944 1096 1922 1107 1882 1094 1865 1090 1863 1090 1862 1090 1860 1090 1852 1094 1829 1107 1779 1107 1750 1092 1720 1078 1718 1078 1665 1078 1663 1078 1662 1078 1634 1090 1605 1107 1574 1107 1542 1089 1517 1076 1515 1076 1462 1076 1460 1076 1458 1076 1434 1087 1399 1105 1341 1094 1339 1094 1337 1094 1311 1105 1210 1096 1208 1096 1089 1103 1067 1092 1065 1092 1064 1092 985 1092 959 1079 946 1074 944 1074 942 1074 941 1074 924 1079 880 1096 799 1078 779 1074 777 1074 776 1074 768 1078 728 1098 686 1076 678 1072 676 1072 675 1072 673 1072 665 1076 614 1101 535 1087 533 1087 532 1087 484 1101 454 1101 398 1070 396 1070 394 1070 286 1070 286 1134"/></Shape>
	    <String CONTENT="Les qualifications pour la Coupe du monde"
                    HPOS="286"
                    VPOS="1070"
                    WIDTH="2120"
                    HEIGHT="114"></String>
          </TextLine>
          <TextLine ID="eSc_line_b571718a"
                    TAGREFS="LT17"
                    BASELINE="304 1248 416 1248 588 1265 1474 1255 2406 1259" 
                    HPOS="304"
                    VPOS="1191"
                    WIDTH="2102"
                    HEIGHT="97">
            <Shape><Polygon POINTS="304 1272 530 1265 544 1272 563 1281 565 1281 634 1287 636 1287 638 1287 682 1272 693 1268 700 1272 730 1287 731 1287 733 1288 845 1288 845 1287 847 1287 898 1272 1065 1279 1067 1279 1113 1270 1144 1265 1181 1270 1269 1285 1271 1285 1326 1281 1328 1281 1350 1270 1361 1265 1421 1270 1474 1274 1476 1274 1577 1268 1671 1265 1685 1268 1722 1281 1724 1281 1726 1281 1801 1270 1830 1283 1832 1283 1834 1283 1836 1283 1871 1268 1874 1266 1878 1268 1915 1287 1917 1287 1918 1288 1984 1288 1984 1287 2113 1270 2153 1279 2155 1279 2157 1279 2159 1279 2183 1266 2188 1265 2197 1266 2254 1285 2256 1285 2258 1285 2333 1274 2366 1285 2368 1285 2370 1285 2372 1285 2406 1266 2406 1259 2405 1204 2379 1191 2377 1191 2375 1191 2373 1191 2329 1206 2322 1208 2313 1206 2285 1195 2283 1195 2282 1195 2280 1195 2249 1204 2212 1217 2188 1204 2179 1200 2177 1200 2175 1200 2129 1204 2122 1204 2120 1204 2091 1193 2089 1193 2087 1193 2085 1193 2065 1204 2049 1211 2005 1204 1995 1202 1994 1202 1992 1202 1990 1202 1961 1221 1900 1221 1867 1202 1863 1200 1862 1200 1860 1200 1847 1202 1764 1219 1711 1208 1709 1208 1630 1219 1597 1202 1596 1202 1594 1202 1592 1202 1548 1219 1502 1204 1500 1204 1498 1204 1496 1204 1467 1221 1427 1221 1388 1199 1375 1193 1374 1193 1322 1193 1320 1193 1319 1193 1308 1199 1267 1221 1164 1221 1122 1197 1113 1193 1111 1193 1058 1193 1056 1193 1054 1193 1043 1197 1007 1211 977 1197 970 1193 968 1193 908 1193 906 1193 904 1193 897 1197 856 1215 807 1195 805 1195 803 1195 801 1195 799 1195 798 1195 752 1221 664 1221 616 1195 612 1193 610 1193 581 1193 579 1193 577 1193 576 1193 526 1219 476 1193 475 1193 473 1193 304 1193 304 1248 304 1272"/></Shape>
	    <String CONTENT="2014  de football ont mis aux prises 207"
                    HPOS="304"
                    VPOS="1191"
                    WIDTH="2102"
                    HEIGHT="97"></String>
          </TextLine>
          <TextLine ID="eSc_line_084ad0b1"
                    TAGREFS="LT17"
                    BASELINE="278 1360 2417 1378" 
                    HPOS="277"
                    VPOS="1294"
                    WIDTH="2140"
                    HEIGHT="119">
            <Shape><Polygon POINTS="278 1360 277 1371 326 1398 328 1398 330 1398 425 1389 519 1400 521 1400 522 1400 585 1373 596 1369 649 1375 765 1386 766 1386 856 1376 900 1373 952 1378 1065 1391 1067 1391 1069 1391 1108 1380 1133 1373 1152 1380 1205 1406 1207 1406 1208 1408 1333 1408 1333 1406 1335 1406 1385 1384 1403 1376 1597 1386 1599 1386 1700 1378 1740 1389 1823 1411 1825 1411 1827 1413 1973 1413 1973 1411 1975 1411 2028 1393 2060 1382 2151 1395 2243 1406 2245 1406 2247 1406 2267 1395 2291 1384 2414 1397 2417 1378 2417 1310 2355 1310 2353 1310 2351 1310 2350 1310 2280 1338 2208 1310 2203 1309 2201 1309 2199 1309 2197 1309 2190 1310 2091 1336 2049 1316 2047 1316 2045 1316 1964 1334 1893 1310 1891 1310 1889 1310 1887 1310 1869 1320 1847 1309 1843 1307 1841 1307 1777 1305 1775 1305 1773 1305 1762 1307 1673 1332 1621 1307 1618 1305 1616 1305 1563 1303 1526 1303 1524 1303 1522 1303 1517 1307 1467 1332 1397 1332 1300 1305 1298 1305 1297 1305 1295 1305 1249 1325 1137 1329 1056 1303 1043 1299 1042 1299 1012 1299 1010 1299 1008 1299 1001 1303 957 1325 831 1301 803 1298 801 1298 799 1298 785 1301 708 1325 603 1325 568 1307 566 1307 565 1307 563 1307 511 1323 434 1323 390 1299 379 1294 377 1294 376 1294 278 1298 278 1360"/></Shape>
	    <String CONTENT="équipes nationales afin de désigner les 31"
                    HPOS="277"
                    VPOS="1294"
                    WIDTH="2140"
                    HEIGHT="119"></String>
          </TextLine>
          <TextLine ID="eSc_line_cbeddbf3"
                    TAGREFS="LT17"
                    BASELINE="295 1477 2368 1492" 
                    HPOS="293"
                    VPOS="1413"
                    WIDTH="2075"
                    HEIGHT="112">
            <Shape><Polygon POINTS="295 1477 293 1488 311 1499 313 1499 315 1499 317 1499 319 1499 344 1490 410 1503 412 1503 414 1503 443 1488 451 1485 539 1485 559 1488 620 1505 621 1505 623 1505 625 1505 678 1490 691 1486 698 1490 748 1516 750 1516 812 1518 814 1519 862 1519 862 1518 864 1518 950 1492 964 1488 977 1492 1021 1510 1023 1510 1025 1510 1062 1503 1075 1512 1076 1512 1078 1512 1080 1512 1216 1496 1230 1494 1234 1496 1280 1519 1282 1519 1331 1521 1333 1523 1430 1523 1430 1521 1432 1521 1491 1497 1506 1492 1603 1499 1669 1503 1706 1523 1707 1523 1709 1525 1783 1525 1783 1523 1785 1523 1825 1501 1840 1501 1898 1497 1918 1501 1957 1510 1959 1510 2049 1503 2113 1497 2139 1503 2179 1514 2181 1514 2183 1514 2184 1514 2223 1505 2232 1503 2364 1505 2368 1492 2368 1452 2306 1424 2304 1424 2236 1424 2234 1424 2232 1424 2184 1446 2109 1422 2107 1422 2065 1422 2063 1422 2062 1422 2023 1441 1924 1435 1922 1435 1920 1435 1895 1448 1889 1448 1693 1420 1627 1420 1625 1420 1623 1420 1574 1446 1513 1446 1427 1446 1425 1444 1374 1426 1372 1426 1370 1426 1368 1426 1320 1444 1269 1444 1218 1417 1216 1417 1214 1417 1212 1417 1170 1435 1139 1426 1137 1426 1135 1426 1091 1435 1060 1417 1058 1417 1056 1417 1054 1417 1053 1417 986 1435 906 1428 904 1428 902 1428 875 1439 821 1420 820 1420 818 1420 816 1420 776 1441 744 1441 698 1441 698 1439 647 1413 645 1413 563 1413 561 1413 559 1413 510 1439 487 1439 456 1439 456 1437 420 1419 418 1419 416 1419 414 1419 379 1435 348 1419 346 1419 344 1419 343 1419 295 1435 295 1477"/></Shape>
	    <String CONTENT="des 32 formations qui disputeront la"
                    HPOS="293"
                    VPOS="1413"
                    WIDTH="2075"
                    HEIGHT="112"></String>
          </TextLine>
          <TextLine ID="eSc_line_d51a71ee"
                    TAGREFS="LT17"
                    BASELINE="267 1596 979 1596" 
                    HPOS="267"
                    VPOS="1532"
                    WIDTH="712"
                    HEIGHT="94">
            <Shape><Polygon POINTS="267 1596 267 1626 293 1626 293 1624 295 1624 297 1624 326 1604 638 1604 651 1617 658 1622 658 1624 660 1624 662 1624 664 1626 739 1626 739 1624 741 1624 742 1624 755 1615 770 1606 781 1615 785 1617 787 1617 788 1617 790 1617 792 1617 794 1617 794 1615 796 1613 807 1604 878 1604 900 1611 928 1622 930 1622 931 1622 933 1622 979 1609 979 1596 979 1567 953 1567 953 1565 906 1532 904 1532 902 1532 871 1532 869 1532 867 1532 865 1532 865 1534 832 1565 805 1554 803 1554 801 1554 757 1565 753 1565 752 1565 720 1534 720 1532 719 1532 717 1532 715 1532 713 1532 711 1532 675 1563 673 1567 552 1567 548 1563 519 1534 519 1532 517 1532 515 1532 513 1532 511 1532 486 1545 475 1534 475 1532 473 1532 471 1532 469 1532 467 1532 442 1545 420 1538 418 1538 416 1538 414 1538 412 1538 412 1540 398 1552 377 1534 377 1532 376 1532 374 1532 295 1532 293 1532 291 1532 289 1532 289 1534 267 1556 267 1596"/></Shape>
	    <String CONTENT="phase finale."
                    HPOS="267"
                    VPOS="1532"
                    WIDTH="712"
                    HEIGHT="94"></String>
          </TextLine>
          <TextLine ID="eSc_line_4ff3b4b5"
                    TAGREFS="LT17"
                    BASELINE="280 1804 975 1820 2074 1824 2304 1815" 
                    HPOS="277"
                    VPOS="1727"
                    WIDTH="2025"
                    HEIGHT="126">
            <Shape><Polygon POINTS="2247 1743 2203 1782 2021 1782 1991 1765 1980 1765 1950 1782 1878 1782 1857 1727 1730 1776 1680 1740 1655 1743 1614 1757 1592 1738 1559 1743 1438 1776 1375 1738 1323 1738 1281 1773 1218 1773 1163 1751 1155 1751 1083 1776 976 1776 951 1757 861 1762 822 1732 811 1732 734 1773 671 1773 624 1732 517 1729 470 1768 415 1729 407 1729 277 1735 277 1831 495 1817 525 1839 618 1820 690 1842 1048 1828 1070 1845 1144 1831 1160 1831 1279 1848 1460 1828 1482 1842 1606 1848 1655 1831 1763 1850 1939 1831 1961 1850 2052 1839 2093 1853 2104 1853 2140 1831 2299 1831 2302 1815 2299 1765 2285 1749"/></Shape>
	    <String CONTENT="Les 31 places seront attribuées aux 6"
                    HPOS="277"
                    VPOS="1727"
                    WIDTH="2025"
                    HEIGHT="126"></String>
          </TextLine>
          <TextLine ID="eSc_line_b5643114"
                    TAGREFS="LT17"
                    BASELINE="278 1928 1794 1941 2467 1928" 
                    HPOS="277"
                    VPOS="1853"
                    WIDTH="2190"
                    HEIGHT="108">
            <Shape><Polygon POINTS="278 1928 277 1937 350 1956 352 1956 605 1950 607 1950 638 1939 676 1958 678 1958 680 1958 726 1948 761 1958 763 1958 765 1958 766 1958 814 1943 860 1958 862 1958 864 1958 865 1958 911 1939 915 1939 997 1939 1005 1939 1069 1956 1071 1956 1175 1943 1210 1959 1212 1959 1214 1959 1412 1943 1447 1959 1449 1959 1451 1959 1452 1959 1491 1945 1585 1961 1586 1961 1766 1947 1823 1961 1825 1961 1827 1961 2071 1945 2122 1961 2124 1961 2126 1961 2128 1961 2162 1945 2465 1945 2467 1928 2467 1892 2372 1860 2370 1860 2368 1860 2366 1860 2293 1882 2263 1873 2261 1873 2260 1873 2258 1873 2208 1886 2181 1893 2164 1886 2113 1860 2111 1860 2074 1860 2073 1860 2071 1860 2021 1882 1999 1893 1970 1882 1931 1868 1929 1868 1928 1868 1926 1868 1900 1881 1862 1862 1860 1862 1858 1862 1856 1862 1830 1873 1810 1864 1808 1864 1807 1864 1805 1864 1775 1879 1748 1893 1669 1893 1638 1877 1621 1868 1619 1868 1618 1868 1616 1868 1594 1875 1592 1875 1526 1857 1524 1857 1522 1857 1452 1864 1451 1864 1432 1873 1397 1892 1330 1892 1291 1870 1278 1864 1276 1864 1275 1864 1273 1864 1262 1870 1219 1892 1126 1892 1078 1866 1065 1860 1064 1860 1062 1860 1060 1860 1049 1866 1005 1890 926 1890 884 1871 882 1871 880 1871 878 1871 829 1888 785 1886 733 1860 726 1857 724 1857 722 1857 720 1857 713 1860 678 1875 645 1859 636 1855 634 1855 436 1853 434 1853 432 1853 429 1855 388 1873 343 1853 341 1853 339 1853 278 1853 278 1928"/></Shape>
	    <String CONTENT="confédérations de la FIFA. Voici le nombre"
                    HPOS="277"
                    VPOS="1853"
                    WIDTH="2190"
                    HEIGHT="108"></String>
          </TextLine>
          <TextLine ID="eSc_line_f25aceeb"
                    TAGREFS="LT17"
                    BASELINE="289 2040 2397 2049" 
                    HPOS="288"
                    VPOS="1983"
                    WIDTH="2109"
                    HEIGHT="105">
            <Shape><Polygon POINTS="289 2040 288 2047 350 2073 352 2073 354 2073 355 2073 445 2051 552 2051 592 2071 594 2071 596 2071 598 2071 642 2051 715 2080 717 2080 719 2082 810 2082 810 2080 812 2080 880 2053 985 2053 1042 2071 1043 2071 1045 2071 1153 2057 1230 2073 1232 2073 1234 2073 1260 2062 1306 2073 1308 2073 1309 2073 1311 2073 1348 2055 1441 2055 1524 2077 1526 2077 1528 2077 1530 2077 1599 2057 1654 2084 1656 2084 1658 2086 1735 2086 1735 2084 1737 2084 1801 2064 1847 2084 1849 2084 1975 2086 1977 2086 2052 2071 2096 2077 2098 2077 2100 2077 2133 2060 2184 2086 2186 2086 2188 2088 2276 2088 2276 2086 2278 2086 2320 2064 2395 2057 2397 2049 2397 2016 2307 1992 2306 1992 2256 1992 2254 1992 2252 1992 2210 2014 2208 2016 2120 2016 2115 2013 2093 2002 2091 2002 2089 2002 2010 2005 1962 1989 1961 1989 1841 1989 1840 1989 1838 1989 1797 2009 1790 2013 1761 2009 1696 2000 1695 2000 1693 2000 1662 2007 1643 2013 1632 2007 1597 1989 1596 1989 1553 1987 1511 1987 1509 1987 1507 1987 1467 2005 1456 2013 1374 2013 1361 2005 1326 1987 1324 1987 1194 1987 1192 1987 1190 1987 1153 2000 1104 1991 1102 1991 1100 1991 1064 2002 1038 2009 731 2009 698 1998 658 1985 656 1985 621 1985 620 1985 618 1985 594 1996 570 2009 471 2009 447 1994 423 1983 421 1983 420 1983 289 1992 289 2040"/></Shape>
	    <String CONTENT="des équipes inscrites et qualifiées par"
                    HPOS="288"
                    VPOS="1983"
                    WIDTH="2109"
                    HEIGHT="105"></String>
          </TextLine>
          <TextLine ID="eSc_line_4903b001"
                    TAGREFS="LT17"
                    BASELINE="278 2157 1025 2169" 
                    HPOS="275"
                    VPOS="2070"
                    WIDTH="748"
                    HEIGHT="121">
            <Shape><Polygon POINTS="277 2156 275 2167 286 2180 368 2169 459 2191 467 2191 511 2172 585 2186 679 2172 720 2189 728 2189 778 2172 1017 2172 1023 2167 1020 2123 816 2112 786 2076 772 2076 728 2114 690 2095 679 2095 654 2114 599 2073 464 2070 456 2070 412 2106 379 2084 365 2084 330 2109 310 2095 297 2095 277 2106 277 2156"/></Shape>
	    <String CONTENT="confédération :"
                    HPOS="275"
                    VPOS="2070"
                    WIDTH="748"
                    HEIGHT="121"></String>
          </TextLine>
          <TextLine ID="eSc_line_972fff86"
                    TAGREFS="LT17"
                    BASELINE="299 2278 779 2271 1917 2278 2427 2273" 
                    HPOS="297"
                    VPOS="2201"
                    WIDTH="2130"
                    HEIGHT="105">
            <Shape><Polygon POINTS="299 2278 297 2293 337 2300 339 2300 368 2295 398 2288 423 2295 453 2302 454 2302 456 2302 458 2302 480 2295 521 2280 554 2295 572 2302 574 2302 576 2302 577 2302 592 2295 616 2284 640 2293 642 2293 643 2293 709 2282 746 2295 765 2302 766 2302 768 2302 770 2302 785 2295 814 2282 1025 2282 1054 2297 1056 2297 1058 2297 1060 2297 1069 2297 1207 2282 1236 2297 1251 2304 1252 2304 1254 2306 1456 2306 1456 2304 1458 2304 1476 2299 1517 2282 1700 2282 1733 2299 1740 2302 1742 2302 1744 2302 1746 2302 1753 2299 1786 2284 1812 2295 1814 2295 1816 2295 1909 2284 1940 2299 1946 2302 1948 2302 1950 2302 1964 2300 1994 2293 2008 2300 2017 2304 2019 2304 2021 2306 2135 2306 2135 2304 2137 2304 2151 2300 2195 2286 2271 2282 2306 2295 2307 2295 2309 2295 2311 2295 2351 2282 2421 2300 2427 2273 2425 2203 2375 2203 2373 2203 2372 2203 2339 2220 2317 2211 2315 2211 2313 2211 2311 2211 2280 2225 2236 2203 2234 2203 2232 2203 2230 2203 2168 2231 2085 2216 2084 2216 2082 2216 2052 2231 1999 2203 1997 2203 1995 2203 1961 2203 1959 2203 1957 2203 1955 2203 1902 2233 1843 2233 1781 2205 1777 2203 1775 2203 1773 2203 1751 2205 1720 2209 1718 2209 1674 2233 1368 2233 1313 2211 1311 2211 1265 2211 1263 2211 1262 2211 1190 2231 1142 2207 1135 2203 1133 2203 1042 2203 1040 2203 1038 2203 1029 2207 983 2233 858 2233 814 2209 801 2201 799 2201 731 2201 730 2201 728 2201 709 2209 686 2218 667 2209 653 2201 651 2201 612 2201 610 2201 609 2201 588 2209 535 2229 454 2209 420 2201 418 2201 299 2209 299 2278"/></Shape>
	    <String CONTENT="AFC (Asie) - 46 équipes - 4 ou 5 qualifiés"
                    HPOS="297"
                    VPOS="2201"
                    WIDTH="2130"
                    HEIGHT="105"></String>
          </TextLine>
          <TextLine ID="eSc_line_ba7419f1"
                    TAGREFS="LT17"
                    BASELINE="267 2394 986 2381 1819 2390 2416 2383" 
                    HPOS="266"
                    VPOS="2311"
                    WIDTH="2150"
                    HEIGHT="112">
            <Shape><Polygon POINTS="267 2394 267 2409 299 2418 300 2418 302 2418 304 2418 328 2409 359 2398 414 2405 416 2405 486 2396 511 2409 521 2412 522 2412 524 2412 526 2412 543 2409 568 2401 585 2409 601 2414 603 2414 605 2414 645 2407 724 2394 783 2398 803 2407 842 2423 843 2423 845 2423 847 2423 880 2407 909 2392 1069 2392 1089 2401 1091 2401 1093 2401 1219 2392 1247 2405 1282 2421 1284 2421 1286 2423 1401 2423 1401 2421 1403 2421 1425 2410 1524 2421 1526 2421 1528 2421 1575 2403 1597 2396 1803 2396 1821 2403 1849 2414 1851 2414 1852 2414 1854 2414 1878 2403 1895 2394 1946 2394 1992 2394 2006 2401 2030 2414 2032 2414 2034 2414 2124 2401 2129 2401 2131 2401 2184 2420 2186 2420 2188 2420 2331 2418 2414 2399 2416 2383 2412 2343 2247 2343 2245 2341 2192 2313 2190 2313 2188 2313 2186 2313 2122 2339 2113 2344 2051 2344 2041 2339 2019 2330 2017 2330 2016 2330 1970 2339 1950 2343 1940 2339 1887 2311 1885 2311 1838 2311 1836 2311 1834 2311 1783 2337 1770 2344 1700 2346 1605 2346 1588 2337 1575 2330 1574 2330 1572 2330 1502 2335 1405 2344 1375 2335 1348 2326 1346 2326 1344 2326 1300 2335 1252 2344 1230 2333 1190 2315 1188 2315 1113 2315 1111 2315 1109 2315 1075 2333 1047 2348 937 2348 908 2332 875 2315 873 2315 816 2315 814 2315 812 2315 779 2332 766 2337 752 2332 742 2328 741 2328 739 2328 737 2328 730 2332 709 2341 689 2330 660 2317 658 2317 521 2317 519 2317 517 2317 493 2330 484 2333 476 2330 451 2317 449 2317 288 2317 286 2317 284 2317 266 2324 267 2394"/></Shape>
	    <String CONTENT="CAF (Afrique) - 53 équipes - 5 qualifiés"
                    HPOS="266"
                    VPOS="2311"
                    WIDTH="2150"
                    HEIGHT="112"></String>
          </TextLine>
          <TextLine ID="eSc_line_634d3f50"
                    TAGREFS="LT17"
                    BASELINE="245 2509 438 2500 1452 2509 2359 2506" 
                    HPOS="245"
                    VPOS="2425"
                    WIDTH="2114"
                    HEIGHT="105">
            <Shape><Polygon POINTS="245 2509 245 2524 315 2515 337 2524 341 2526 343 2526 344 2526 346 2526 350 2524 379 2511 599 2511 620 2520 621 2520 623 2520 682 2511 704 2522 711 2526 713 2526 715 2526 717 2526 731 2522 768 2513 816 2513 832 2522 845 2528 847 2528 849 2528 997 2524 999 2524 1010 2520 1036 2513 1097 2520 1130 2524 1131 2524 1133 2524 1150 2520 1179 2513 1194 2520 1208 2528 1210 2528 1212 2530 1286 2530 1286 2528 1287 2528 1309 2519 1326 2513 1339 2519 1357 2528 1359 2528 1594 2530 1596 2530 1647 2519 1678 2530 1680 2530 1682 2530 1684 2530 1706 2520 1777 2530 1779 2530 1781 2530 1827 2517 1834 2515 1840 2517 1871 2530 1873 2530 1874 2530 2096 2515 2113 2515 2117 2515 2164 2530 2166 2530 2168 2530 2236 2515 2276 2530 2278 2530 2280 2530 2357 2513 2359 2506 2355 2429 2318 2429 2317 2429 2315 2429 2261 2458 2186 2458 2135 2431 2131 2429 2129 2429 2128 2429 2126 2429 2120 2431 2040 2458 1964 2458 1917 2432 1909 2429 1907 2429 1906 2429 1904 2429 1893 2432 1830 2458 1667 2458 1610 2436 1592 2429 1590 2429 1544 2429 1542 2429 1541 2429 1522 2436 1480 2454 1445 2436 1425 2427 1423 2427 1421 2427 1419 2427 1399 2438 1366 2454 1232 2453 1207 2440 1183 2427 1181 2427 1120 2427 1119 2427 1117 2427 1091 2440 1080 2445 1051 2442 1040 2440 1038 2440 1036 2440 1032 2442 1010 2453 988 2442 961 2427 959 2427 871 2427 869 2427 867 2427 832 2443 825 2447 816 2443 785 2427 783 2427 691 2425 689 2425 687 2425 625 2445 623 2445 621 2445 583 2425 581 2425 504 2425 502 2425 500 2425 475 2436 449 2425 447 2425 445 2425 443 2425 377 2447 376 2447 286 2427 284 2427 282 2427 245 2445 245 2509"/></Shape>
	    <String CONTENT="CONCACAF (Caraïbes, Amérique Centrale et"
                    HPOS="245"
                    VPOS="2425"
                    WIDTH="2114"
                    HEIGHT="105"></String>
          </TextLine>
          <TextLine ID="eSc_line_f6a5ae5d"
                    TAGREFS="LT17"
                    BASELINE="264 2603 2442 2644" 
                    HPOS="261"
                    VPOS="2519"
                    WIDTH="2178"
                    HEIGHT="140">
            <Shape><Polygon POINTS="261 2601 261 2615 539 2615 698 2634 742 2620 1130 2623 1138 2629 1171 2642 1262 2629 1273 2629 1292 2645 1988 2642 2008 2659 2437 2648 2439 2642 2439 2576 2415 2560 2404 2560 2343 2576 2318 2557 2200 2554 2140 2576 2076 2552 2065 2552 2032 2576 1999 2549 1892 2549 1848 2579 1766 2560 1760 2560 1716 2579 1683 2549 1669 2549 1625 2576 1477 2576 1441 2546 1328 2571 1224 2538 1086 2565 1045 2532 910 2530 866 2563 731 2563 687 2524 627 2524 588 2554 550 2524 415 2554 371 2554 327 2519 316 2519 261 2546 261 2601"/></Shape>
	    <String CONTENT="du Nord) - 35 équipes - 3 ou 4 qualifiés"
                    HPOS="261"
                    VPOS="2519"
                    WIDTH="2178"
                    HEIGHT="140"></String>
          </TextLine>
          <TextLine ID="eSc_line_620339ed"
                    TAGREFS="LT17"
                    BASELINE="234 2707 2333 2726" 
                    HPOS="232"
                    VPOS="2640"
                    WIDTH="2101"
                    HEIGHT="119">
            <Shape><Polygon POINTS="234 2707 232 2718 266 2731 267 2731 269 2731 344 2720 355 2718 359 2720 392 2737 394 2737 396 2737 467 2724 533 2742 535 2742 537 2742 627 2722 638 2720 649 2722 713 2735 715 2735 783 2722 790 2722 792 2722 831 2742 832 2742 834 2742 836 2742 867 2731 895 2742 897 2742 898 2742 900 2742 953 2726 1075 2750 1076 2751 1177 2751 1177 2750 1179 2750 1229 2726 1230 2726 1234 2726 1313 2742 1315 2742 1407 2728 1408 2728 1438 2742 1440 2742 1441 2742 1443 2742 1476 2733 1557 2753 1559 2753 1561 2753 1563 2753 1636 2729 1638 2729 1751 2729 1803 2729 1851 2755 1852 2755 1854 2755 1856 2755 1918 2733 1975 2733 2023 2757 2025 2757 2027 2757 2155 2746 2181 2759 2183 2759 2184 2759 2331 2733 2333 2726 2333 2678 2313 2669 2311 2669 2309 2669 2203 2676 2126 2682 2093 2674 2045 2665 2043 2665 2041 2665 2021 2674 2008 2682 1942 2682 1928 2674 1889 2652 1887 2652 1840 2652 1838 2652 1836 2652 1797 2673 1785 2678 1673 2678 1660 2671 1621 2651 1619 2651 1539 2651 1537 2651 1535 2651 1507 2662 1447 2649 1445 2649 1443 2649 1405 2669 1392 2674 1375 2667 1326 2649 1324 2649 1322 2649 1320 2649 1267 2667 1249 2673 1032 2663 992 2663 990 2663 988 2663 986 2663 974 2671 957 2663 911 2645 909 2645 860 2643 825 2643 823 2643 821 2643 785 2662 770 2669 746 2662 711 2651 709 2651 708 2651 706 2651 682 2658 645 2641 643 2641 642 2641 476 2658 475 2658 438 2640 436 2640 434 2640 432 2640 394 2649 372 2641 370 2641 368 2641 366 2641 341 2654 269 2640 267 2640 266 2640 234 2652 234 2707"/></Shape>
	    <String CONTENT="CONMEBOL (Amérique du Sud) - 9 équipes"
                    HPOS="232"
                    VPOS="2640"
                    WIDTH="2101"
                    HEIGHT="119"></String>
          </TextLine>
          <TextLine ID="eSc_line_004a8111"
                    TAGREFS="LT17"
                    BASELINE="243 2830 1207 2827 1408 2830 1581 2849 2430 2834" 
                    HPOS="242"
                    VPOS="2753"
                    WIDTH="2188"
                    HEIGHT="121">
            <Shape><Polygon POINTS="243 2830 243 2849 273 2858 275 2858 277 2858 278 2858 306 2849 333 2839 533 2839 557 2850 565 2852 566 2852 568 2852 570 2852 576 2850 596 2839 726 2839 765 2850 787 2856 788 2856 790 2856 792 2856 809 2850 831 2841 864 2850 895 2858 897 2858 898 2858 900 2858 920 2850 922 2849 926 2850 983 2874 985 2874 986 2874 988 2874 1038 2850 1067 2836 1229 2836 1260 2850 1293 2865 1295 2865 1297 2865 1298 2865 1337 2850 1375 2836 1403 2849 1405 2849 1407 2849 1440 2843 1456 2850 1493 2867 1495 2867 1496 2867 1498 2867 1542 2852 1592 2872 1594 2872 1596 2872 1597 2872 1663 2854 1704 2872 1706 2872 1707 2874 1807 2874 1807 2872 1933 2860 1957 2871 1959 2871 1961 2872 2069 2872 2069 2871 2071 2871 2102 2860 2236 2869 2238 2869 2239 2869 2274 2850 2291 2843 2306 2850 2317 2856 2318 2856 2320 2856 2322 2856 2335 2850 2353 2845 2428 2850 2430 2834 2427 2788 2333 2779 2331 2779 2329 2779 2315 2786 2309 2790 2194 2790 2183 2784 2129 2762 2128 2762 2126 2762 2124 2762 2078 2779 2051 2770 2049 2770 2047 2770 2045 2770 2017 2783 2003 2790 1983 2783 1951 2772 1950 2772 1948 2772 1946 2772 1924 2783 1907 2792 1739 2792 1704 2779 1634 2753 1632 2753 1630 2753 1629 2753 1577 2777 1544 2794 1399 2788 1372 2775 1320 2755 1319 2755 1317 2755 1263 2757 1262 2757 1227 2773 1183 2795 1150 2784 1148 2784 1146 2784 1093 2792 1051 2772 1021 2759 1020 2759 1018 2759 887 2761 886 2761 864 2770 840 2781 805 2770 770 2759 768 2759 766 2759 765 2759 744 2768 691 2795 636 2768 621 2761 620 2761 579 2761 577 2761 576 2761 563 2766 519 2788 469 2766 460 2762 458 2762 456 2762 454 2762 447 2766 418 2781 381 2764 374 2762 372 2762 370 2762 242 2762 243 2830"/></Shape>
	    <String CONTENT="(sans le Brésil) - 4 ou 5 qualifiés, en"
                    HPOS="242"
                    VPOS="2753"
                    WIDTH="2188"
                    HEIGHT="121"></String>
          </TextLine>
          <TextLine ID="eSc_line_eac8134e"
                    TAGREFS="LT17"
                    BASELINE="258 2938 443 2935 1096 2954" 
                    HPOS="253"
                    VPOS="2857"
                    WIDTH="841"
                    HEIGHT="124">
            <Shape><Polygon POINTS="255 2937 253 2956 533 2945 561 2967 561 2970 627 2972 761 2950 814 2975 888 2959 899 2959 984 2981 995 2981 995 2978 1015 2961 1042 2981 1053 2981 1092 2959 1094 2876 979 2871 932 2890 891 2865 819 2865 778 2901 693 2901 629 2860 583 2860 547 2893 453 2893 429 2865 418 2865 374 2890 341 2860 341 2857 327 2857 288 2887 255 2887 255 2937"/></Shape>
	    <String CONTENT="plus du Brésil"
                    HPOS="253"
                    VPOS="2857"
                    WIDTH="841"
                    HEIGHT="124"></String>
          </TextLine>
          <TextLine ID="eSc_line_8796d8ee"
                    TAGREFS="LT17"
                    BASELINE="260 3043 1212 3056 2476 3047" 
                    HPOS="258"
                    VPOS="2959"
                    WIDTH="2218"
                    HEIGHT="133">
            <Shape><Polygon POINTS="258 3056 363 3056 365 3056 398 3070 399 3070 401 3070 465 3056 469 3056 471 3056 521 3080 522 3080 524 3080 526 3080 561 3063 587 3072 588 3072 590 3072 592 3072 623 3059 649 3067 651 3067 653 3067 713 3058 720 3058 722 3058 750 3070 752 3070 753 3070 847 3069 886 3087 887 3087 889 3087 891 3087 953 3059 959 3058 1128 3058 1137 3061 1199 3080 1201 3080 1203 3080 1205 3080 1245 3061 1249 3061 1309 3061 1315 3063 1403 3091 1405 3091 1407 3091 1462 3080 1564 3091 1566 3091 1568 3091 1654 3065 1680 3058 1779 3058 1799 3065 1832 3080 1834 3080 1836 3080 1838 3080 1865 3067 1887 3056 1955 3056 1997 3067 2093 3091 2095 3092 2254 3092 2254 3091 2256 3091 2276 3081 2298 3091 2300 3091 2302 3092 2434 3092 2434 3091 2436 3091 2474 3070 2476 3047 2472 2971 2326 2975 2324 2975 2271 3003 2157 3003 2096 2971 2095 2971 2093 2971 2091 2971 2089 2971 2019 3003 1920 3003 1862 2971 1860 2971 1858 2971 1856 2971 1854 2971 1852 2971 1775 3001 1640 2992 1638 2992 1478 3001 1396 2977 1394 2977 1392 2977 1390 2977 1335 3003 1289 3003 1234 2973 1229 2971 1227 2971 1225 2971 1174 2973 1166 2975 1164 2975 1111 3001 1049 2992 1047 2992 990 2999 941 2975 933 2971 931 2971 873 2971 871 2971 869 2971 862 2975 807 3001 764 2968 757 2959 753 2961 738 2968 704 2981 649 2975 638 2971 636 2971 528 2971 526 2971 524 2971 515 2975 480 2993 443 2975 434 2971 432 2971 431 2971 260 2975 260 3043"/></Shape>
	    <String CONTENT="OFC (Océanie) - 11 équipes - 0 ou 1 qualifié"
                    HPOS="258"
                    VPOS="2959"
                    WIDTH="2218"
                    HEIGHT="133"></String>
          </TextLine>
        </TextBlock>
      </PrintSpace>
    </Page>
  </Layout>
</alto>
