2550 3300
1559 315 554 81 wikitexte_0004

370 520 1745 88 J'ai lu les conditions de participation et j'y consens. Je

368 624 1722 96 comprends que mon manuscrit sera anonymisé et utilisé pa

372 729 1748 79 BAnQ pour des activités de recherche et développement et

376 839 1744 72 qu'il pourra aussi être publié et partagé sous licence

371 926 1595 91 CC-BY pour être utilisé librement à des fins non

379 1036 366 80 commerciales.

376 1241 1746 79 Série blême est une pièce de théâtre de Boris Vian

374 1339 1683 82 écrite en 1952 selon les sources, ou en 1954. Mais

376 1452 1764 84 ce n'est qu'en 1970 que la pièce a été publiée chez

376 1556 1748 79 Christian Bourgois. Elle a été jouée pour la première

376 1644 765 91 fois en 1974, à Nantes

376 1848 1791 99 Ítrabo est une municipalité de la province de Grenade,

379 1963 1772 75 dans la communauté autonome d'Andalousie en Espagne.

383 2167 1748 82 Air Côte d'Ivoire est la principale compagnie aérienne

387 2273 1744 71 ivoirienne. Fondée en 2012, ses activités principales

382 2359 1661 99 sont le transport de passagers, de fret ainsi que la

383 2469 1748 77 maintenance et l'entretien d’avions. Elle a pour objectif

379 2563 1629 96 de desservir les principaux aéroports ivoiriens,

385 2678 1761 83 ainsi qu'un grand nombre de destinations africaines

387 2769 520 93 et internationales.
