2550 3300
220 190 1935 145 J'ai lu les conditions de participation et j'y consens. Je

82 296 2198 155 comprends que mon manuscrit sera anonymisé et utilisé par

221 418 2152 138 BAnQ pour des activités de recherche et développement et qu'il

223 546 2134 141 pourra aussi être publié et partagé sous licence CC-BY pour

225 654 1843 121 être utilisé librement à des fins non commerciales.

225 896 2141 134 Loup-Denis Elion est un acteur et chanteur (ténor) français,

232 1015 2160 143 né le 9 septembre 1979 à Fontenay-aux-Roses (Hauts-de-Seine).

244 1133 2096 123 Il est connu notamment pour le rôle de Cédric dans la série

231 1251 1478 155 télévisée Scènes de ménages (saison 1 à 9).

250 1487 2049 114 Suna wo Kamu you ni... Namida (- NAMIDA) est le 18e

250 1603 2068 150 single de Aya Matsuura, sorti en février 2006, dans le cadre

242 1721 599 157 du Hello! Project.

240 1969 1950 153 Les langues sakishima (aussi appelées langues miyako-

245 2076 2114 148 yaeyama ou langues ry-ky- méridionales) forment un

251 2201 2148 139 sous-groupe des langues ry-ky-. Elles comprennent l'ensemble

242 2315 1997 124 dialectal miyako, le yaeyama et parfois le yonaguni.

258 2546 1994 113 Marie-Antoinette Katoto, née le 1er novembre 1998 à

261 2667 2088 113 Colombes, est une footballeuse internationale française,

269 2780 2074 127 évoluant au poste d'attaquante au Paris Saint-Germain.

260 2904 1917 140 Meilleure buteuse du club parisien, elle est également

258 3023 2139 145 meilleure buteuse du championnat de France en 2019, 2020 et

256 3131 208 92 2022

2436 3155 64 128 1

1983 2 443 83 wikitexte_0119
