2550 3300
374 321 1878 116 J'ai lu les conditions de participation et j'y

385 427 1834 86 consens. Je comprends que mon manuscrit

372 498 1911 81 sera anonymisé et utilisé par BAnQ pour

363 579 1943 92 des activités de recherche et développement>< et

377 665 1925 92 qu'il pourra aussi être publié et partagé

366 749 1694 81 sous licence CC-BY pour être utilisé

366 832 1899 86 librement à des fins non commerciales.

368 985 1987 105 La coupe du monde féminine de hockey en

363 1070 2091 94 salle 2023 sera la sixième édition de la coupe

363 1158 1882 86 du monde féminine de hockey en salle et se

376 1248 1904 103 jouera du 5 au 11 février 2022 à Pretoria,

361 1329 820 104 en afrique du Sud,

377 1485 1949 89 Brando Eaton est un acteur américain ne le 17

372 1573 1737 106 juillet 1986 à Los Angeles, en Californie

381 1653 598 99 (Etats-Unis).

372 1812 2093 107 Prosper Ève est un historien français contemporain

355 1894 2110 95 né le 28 mars 1953. Originaire de la réunion, il a

355 1980 1789 95 surtout travaillé sur l'histoire locale, et

361 2068 1913 99 notamment sur l'esclavage à Bourbon, le

355 2150 2014 96 catholicisme à la réunion et le poète Auguste

372 2227 1994 97 Lacaussade. Il enseigne l'histoire à l'Université

354 2313 2012 90 de la réunion et préside l'Association historique

355 2403 2070 86 internationale de l'océan Indien, en succession de

363 2477 1634 99 Claude Wanquet, depuis novembre 2009

363 2645 2089 128 Aïn Zaouia (en kabyle Aza-ar; Pierette pendant

365 2737 2095 123 la colonisation française) est une commune de la

359 2814 2097 125 wilaya de Tizi Ousou en Algérie, située à 45 km

368 2900 2077 116 au sud-ouest de Tizi Ouzou et a 115 km environ

377 2977 927 104 au sud-est d'Alger.

1740 38 723 101 wikitexte_0012
