2526 3276
269 238 2093 95 J'ai lu les conditions de participation et j'y consens.

260 362 2069 78 Je comprends que mon manuscrit sera anonymisé

280 469 1841 86 et utilisé par BAnQ pour des activités de

274 551 1951 146 recherche et développement et qu'il pourra

291 683 1841 126 aussi être publié et partagé sous licence

287 786 2016 118 CC-BY pour être utilisé librement à des fins

265 942 906 71 non commerciales.

267 1132 2097 118 Hilary Shepard (née le 10 décembre 1959) est

271 1260 1930 103 une actrice et chanteuse américaine. Elle

267 1397 1973 79 commence sa carrière au milieu des années

264 1490 1529 100 1980, en tant que co-chanteuse et

269 1597 1825 127 percussionniste dans le groupe de filles

260 1699 1938 119 American Girls, avant de devenir actrice

262 1838 1978 103 dans les films : Amours de vacances (1982),

282 1951 1885 96 Private Resort (1985), Coup double (1986),

267 2047 1938 140 Le Dindon de la farce (1988), Scanner

289 2136 1835 149 Cop (1994), Theodore Rex (1996), Power

293 2273 1899 133 Rangers Turbo, le film (1997), La Famille

265 2413 1973 100 Addams : Les Retrouvailles (1998), 40 ans,

270 2516 2041 143 toujours puceau (2005), Going Shopping (2005)

284 2636 923 107 et Paradox (2018).

285 2851 1807 157 Elle s’est également illustrée en tant

289 2964 1827 117 qu’actrice dans les séries : Star Trek:

1806 34 557 98 wikitexte_0278
