2550 3300
245 264 2049 139 Bloomingdale est un borough situé dans

269 382 2151 102 le comté de Passaic dans l'État américain

275 474 957 187 du New Jersey.

234 695 2299 177 Georges Perrot, né à Villeneuve-Saint-Georges

231 821 2090 148 le 12 novembre 1832 et mort le 30 juin

253 936 2109 176 1914 à Paris, est un archéologue et hellé-

242 1078 825 104 niste français.

244 1281 2041 161 Le State of Origin 2016 est la trente-

236 1410 2135 143 sixième édition du State of Origin, qui

239 1526 2088 142 se déroulera du 1er juin au 13 juillet

210 1644 2206 88 2016 avec trois matchs à l'ANZ Stadium

228 1746 2203 168 de Sydney (2) et au Suncorp Stadium de

220 1864 667 99 Brisbane (1).

212 2082 2139 108 Le chemin du Fer à Cheval (en néerlan-

212 2216 2121 153 dais : Hoefijzerweg) est un chemin en

225 2311 1919 141 forêt de Soignes, au sud-est de

225 2428 1169 165 Bruxelles (Belgique).

209 2662 2219 113 Carcinos le Jeune est un poète ><

231 2770 2051 157 tragique athénien (v. 380/360 av. J.-C.).

1931 1 558 88 wikitexte_0228
