2550 3300
264 245 2008 124 J'ai lu les conditions de participation et j'y consens.

266 338 1863 124 Je comprends que mon manuscrit sera anonymisé et

247 451 1950 110 utilisé par BAnQ pour des activités de recherche et

255 563 1905 114 développement et qu'il pourra aussi être publié et

259 687 1982 116 partagé sous licence CC-BY pour être utilisé librement

264 794 1012 113 à des fins non commerciales.

258 861 1988 149 Rodrigo Dourado, né le 17 juin 1994 à Pelotas, est un

255 1003 1882 133 footballeur brésilien évoluant au poste de milieu

256 1120 1123 114 défensif au SC International.

262 1214 1952 118 Héros oubliés du rock'n'roll, les années sauvages du

260 1322 2124 131 rock avant Elvis (titre original : Unsung Heroes of Rock N' Roll:

256 1441 2024 131 The Birth of Rock in the Wild Years Before Elvis) est un

255 1545 1874 120 essai de Nick Tosches paru en 1984 aux éditions

256 1642 1987 132 Da Capo Press, réédité en 1990 et 1998. La traduction

260 1774 1955 119 française de Jean-Marc Mandosio est parue aux

253 1879 1955 88 éditions Allia, dans la collection Musique, en 2000

275 1985 905 102 (ISBN 0-306-80891-9).

280 2087 1964 119 L'auteur y raconte, non sans  humour, l'histoire de

277 2205 1978 108 ces chanteurs et musiciens de rhythm and blues qui,

277 2310 1849 93 au cours des années 1940 et 1950, ont inventé le

266 2417 1805 121 rock 'n' roll, bien avant la date officielle du

267 2513 1972 142 5 juillet 1954. Le livre se termine sur une discographie

247 2611 1612 129 très complète de chacun des artistes évoqués.

243 2753 2000 125 Georges Houard, né le 2 novembre 1893 à Nancy et mort le

231 2861 2073 125 12 octobre 1964 à Paris 11e, est un journaliste aéronautique français.

1825 14 563 72 wikitexte_0111
