2550 3300
277 239 2176 187 J'ai lu les conditions de participation et j'y consens.

272 361 2197 137 Je comprends que mon manuscrit sera anonymisé

275 489 2073 137 et utilisé par BAnQ pour des activités de recherche

280 591 2099 161 et développement et qu'il pourra aussi être publié

269 704 2151 155 et partagé sous licence CC-BY pour être utilisé

282 792 1592 137 librement à des fins non commerciales.

269 926 1956 159 Anastasija Sevastova, née le 13 avril 1990 à

275 1057 2012 142 Liep-ja, est une joueuse de tennis lettonne

273 1139 1939 182 d'origine russe, professionnelle depuis 2006.

273 1268 1897 151 László Bodrogi, né le 11 décembre 1976 à

278 1375 2027 150 Budapest, est un coureur cycliste né hongrois

277 1475 1995 144 et naturalisé français en 2009. Il a fait ses

269 1597 2132 166 débuts professionnels en 2000 au sein de l'équipe

291 1728 2079 141 Mapei. László Bodrogi totalise 26 victoires dans

275 1837 2104 144 sa carrière professionnelle, la plupart ayant été

278 1941 2167 166 remportées contre-la-montre. Dans ce type d’épreuve,

284 2069 2088 103 il a été vice-champion du monde en 2007 et dix

277 2158 2063 213 fois champion de Hongrie sur route. La Fédération

277 2276 2058 151 française du sport travailliste est une fédération

289 2376 2044 177 sportive multisports affiliée à la Confédération

275 2501 2129 148 sportive internationale du travail et au Comité

272 2603 2096 167 national olympique et sportif français. SLC Punk !

280 2720 1827 136 est un film américain réalisé par James

271 2849 2053 137 Merendino, sorti le 16 avril 1999. Jean-François

266 2938 2109 235 Rapin, né le 11 mai 1966 à Boulogne-sur-Mer, est

1513 23 709 103 wikitexte_0126
