<?xml version="1.0" encoding="UTF-8"?>
<alto xmlns:xsi="http://www.w3.org/2001/XMLSchema-instance"
      xmlns="http://www.loc.gov/standards/alto/ns-v4#"
      xsi:schemaLocation="http://www.loc.gov/standards/alto/ns-v4# http://www.loc.gov/standards/alto/v4/alto-4-2.xsd">
  <Description>
    <MeasurementUnit>pixel</MeasurementUnit>
    <sourceImageInformation>
      <fileName>wikitexte_0127.jpg</fileName>
    </sourceImageInformation>
  </Description>
  <Tags>
    <OtherTag ID="BT1" LABEL="Title" DESCRIPTION="block type Title"/><OtherTag ID="BT2" LABEL="Main" DESCRIPTION="block type Main"/><OtherTag ID="BT3" LABEL="Commentary" DESCRIPTION="block type Commentary"/><OtherTag ID="BT4" LABEL="Illustration" DESCRIPTION="block type Illustration"/><OtherTag ID="BT39" LABEL="text" DESCRIPTION="block type text"/>
    <OtherTag ID="LT39" LABEL="default" DESCRIPTION="line type default"/>
  </Tags>
  <Layout>
    <Page WIDTH="2550"
          HEIGHT="3300"
          PHYSICAL_IMG_NR="0"
          ID="eSc_dummypage_">
      <PrintSpace HPOS="0"
                  VPOS="0"
                  WIDTH="2550"
                  HEIGHT="3300">
        <TextBlock HPOS="73"
                   VPOS="264"
                   WIDTH="2475"
                   HEIGHT="2770"
                   ID="eSc_textblock_9550fb7c"
                   TAGREFS="BT39">
          <Shape><Polygon POINTS="133 264 1845 300 2175 344 2236 418 2498 469 2491 885 2513 1017 2454 1136 2461 1259 2417 1391 2505 1662 2373 1774 2405 1833 2498 1855 2548 1936 2548 2498 2476 2720 2461 2902 601 2938 447 2953 350 3034 110 3019 80 2623 95 1782 73 1648 110 1180 73 513 88 315 133 264"/></Shape>
          <TextLine ID="eSc_line_9b100587"
                    TAGREFS="LT39"
                    BASELINE="126 361 891 353 1463 386 2177 396" 
                    HPOS="121"
                    VPOS="286"
                    WIDTH="2054"
                    HEIGHT="137">
            <Shape><Polygon POINTS="123 360 121 371 156 390 165 390 203 368 519 368 536 382 550 382 569 368 1009 371 1039 385 1122 412 1240 396 1408 418 1622 398 1691 412 1697 412 1719 401 1741 420 2068 423 2173 401 2175 396 2173 354 1991 354 1966 330 1955 330 1906 349 1741 349 1719 330 1708 330 1664 346 1512 332 1317 341 1281 316 1270 316 1235 335 1111 332 1067 299 1056 299 1009 321 968 319 756 294 690 319 649 291 638 291 580 313 555 291 445 305 349 288 313 319 261 286 123 291 123 360"/></Shape>
	    <String CONTENT="J&#x27;ai lu les conditions de participation et j&#x27;y consens."
                    HPOS="121"
                    VPOS="286"
                    WIDTH="2054"
                    HEIGHT="137"></String>
          </TextLine>
          <TextLine ID="eSc_line_082fab09"
                    TAGREFS="LT39"
                    BASELINE="130 465 616 478 1337 513 2487 515" 
                    HPOS="128"
                    VPOS="429"
                    WIDTH="2359"
                    HEIGHT="128">
            <Shape><Polygon POINTS="130 465 128 485 337 489 339 491 405 522 407 522 409 522 535 495 552 493 596 493 603 496 665 528 667 528 669 528 671 528 763 500 777 496 790 502 820 513 821 513 823 513 946 506 979 520 981 520 983 520 985 520 1007 511 1150 529 1152 529 1311 517 1361 537 1363 537 1364 539 1463 539 1463 537 1465 537 1530 518 1689 544 1816 546 1818 546 1913 526 1935 522 2078 522 2096 529 2113 537 2115 537 2117 537 2181 531 2239 528 2272 535 2373 555 2375 557 2450 557 2450 555 2452 555 2485 539 2487 515 2485 478 2428 489 2394 476 2362 463 2361 463 2188 462 2186 462 2184 462 2161 471 2115 487 2036 469 2034 469 2032 469 1970 485 1678 471 1676 471 1614 480 1568 458 1566 458 1564 458 1563 458 1561 458 1515 478 1394 478 1370 465 1368 465 1366 465 1364 465 1335 474 1286 452 1275 447 1273 447 1271 447 1269 447 1254 451 1185 473 1029 473 981 456 979 456 977 456 913 469 818 451 816 451 763 460 680 440 665 436 664 436 662 436 660 436 649 438 594 454 557 436 552 434 550 434 548 434 533 436 484 445 443 434 442 434 440 434 438 434 436 434 434 434 401 443 377 432 376 432 374 432 267 430 266 430 264 430 262 430 242 440 130 429 130 465"/></Shape>
	    <String CONTENT="Je comprends que mon manuscrit sera anonymisé et utilisé par"
                    HPOS="128"
                    VPOS="429"
                    WIDTH="2359"
                    HEIGHT="128"></String>
          </TextLine>
          <TextLine ID="eSc_line_29d6fa80"
                    TAGREFS="LT39"
                    BASELINE="96 570 1423 621 2472 630" 
                    HPOS="90"
                    VPOS="514"
                    WIDTH="2380"
                    HEIGHT="159">
            <Shape><Polygon POINTS="93 569 90 583 258 588 286 610 297 610 338 594 371 618 437 621 525 596 618 618 627 618 673 602 869 621 924 607 960 635 973 635 1012 610 1017 610 1070 629 1185 621 1369 646 1372 649 1457 649 1457 646 1504 627 1570 643 1628 629 1661 654 1911 660 2145 640 2368 673 2467 651 2470 629 2464 577 2269 591 2211 572 2203 572 2162 591 2054 572 2008 591 1865 591 1812 563 1804 563 1755 585 1694 561 1686 561 1647 580 1584 566 1152 569 1108 541 1097 541 1042 566 998 539 885 547 841 533 833 533 756 558 649 558 605 530 591 530 563 550 349 547 297 519 288 519 236 536 214 517 93 514 93 569"/></Shape>
	    <String CONTENT="BAnQ pour des activités de recherche et développement et qu&#x27;il"
                    HPOS="90"
                    VPOS="514"
                    WIDTH="2380"
                    HEIGHT="159"></String>
          </TextLine>
          <TextLine ID="eSc_line_8d596e56"
                    TAGREFS="LT39"
                    BASELINE="106 678 1021 702 1640 744 2454 771" 
                    HPOS="104"
                    VPOS="630"
                    WIDTH="2350"
                    HEIGHT="163">
            <Shape><Polygon POINTS="106 678 104 711 163 716 165 716 166 716 174 715 242 693 533 702 592 718 594 718 596 718 664 709 719 731 735 738 737 738 794 740 796 740 798 740 816 735 878 716 1071 722 1111 744 1130 753 1131 753 1205 755 1207 755 1208 755 1229 748 1243 742 1256 749 1276 759 1278 759 1385 762 1386 762 1388 762 1408 753 1419 749 1537 753 1539 753 1541 753 1566 744 1652 762 1687 768 1689 768 1744 764 1858 757 1931 770 1933 770 1935 770 1959 760 2003 773 2019 777 2021 777 2023 777 2071 775 2082 775 2084 775 2113 790 2115 790 2236 793 2238 793 2239 793 2271 781 2278 779 2283 782 2304 792 2306 792 2307 792 2450 786 2454 771 2454 738 2381 718 2379 718 2377 718 2375 718 2340 731 2221 729 2216 729 2214 727 2188 715 2186 715 2184 715 2120 724 2040 702 2038 702 2036 702 1962 715 1907 694 1906 694 1904 694 1902 694 1843 713 1717 711 1713 709 1649 682 1647 682 1645 682 1528 702 1520 702 1517 700 1465 674 1463 674 1462 674 1460 674 1383 696 1379 696 1372 694 1273 667 1271 667 1269 667 1267 667 1229 680 1157 672 1155 672 1153 672 1124 685 1122 685 1065 660 1064 660 1062 660 988 676 948 656 946 656 829 650 827 650 719 669 717 669 715 669 634 643 632 643 557 641 555 641 554 641 508 661 506 661 502 661 462 641 460 641 458 641 368 656 350 658 337 654 278 634 277 634 275 634 273 634 218 649 205 652 192 649 141 630 139 630 137 630 135 630 106 641 106 678"/></Shape>
	    <String CONTENT="pourra aussi être publié et partagé sous licence CC-BY pour être"
                    HPOS="104"
                    VPOS="630"
                    WIDTH="2350"
                    HEIGHT="163"></String>
          </TextLine>
          <TextLine ID="eSc_line_9b35ec57"
                    TAGREFS="LT39"
                    BASELINE="126 837 733 828 1834 859" 
                    HPOS="126"
                    VPOS="773"
                    WIDTH="1708"
                    HEIGHT="103">
            <Shape><Polygon POINTS="126 837 126 847 825 843 986 847 1001 856 1005 859 1007 859 1008 859 1010 859 1012 859 1025 856 1056 848 1069 856 1078 863 1080 863 1082 863 1084 863 1141 858 1161 856 1163 858 1174 865 1175 865 1177 865 1179 865 1181 865 1199 858 1218 850 1229 858 1236 865 1238 865 1240 865 1241 865 1322 859 1392 854 1405 859 1416 865 1418 865 1733 876 1735 876 1832 863 1834 859 1834 828 1750 828 1748 826 1724 808 1722 808 1720 808 1718 808 1717 808 1684 825 1471 823 1469 821 1430 793 1429 793 1427 793 1425 793 1423 793 1370 819 1368 819 1293 808 1291 808 1289 808 1267 815 1245 801 1243 801 1241 801 1240 801 1238 801 1207 815 1164 788 1163 788 1161 788 1128 786 1067 786 1065 786 1064 786 1062 786 1029 808 959 784 957 784 955 784 953 784 897 808 875 793 873 793 871 793 869 793 867 793 831 806 796 781 794 781 792 781 742 781 741 781 739 781 737 781 700 803 684 793 682 793 680 793 678 793 676 793 658 806 524 775 475 775 473 775 471 775 469 775 438 797 405 775 403 775 401 775 399 775 398 775 357 788 328 773 326 773 324 773 322 773 273 793 229 775 227 775 225 775 223 775 221 775 183 799 126 799 126 837"/></Shape>
	    <String CONTENT="utilisé librement à des fins non commerciales."
                    HPOS="126"
                    VPOS="773"
                    WIDTH="1708"
                    HEIGHT="103"></String>
          </TextLine>
          <TextLine ID="eSc_line_e4fd25a4"
                    TAGREFS="LT39"
                    BASELINE="130 960 1339 995 1766 995 2489 1012" 
                    HPOS="128"
                    VPOS="898"
                    WIDTH="2361"
                    HEIGHT="136">
            <Shape><Polygon POINTS="130 960 128 973 152 986 154 986 155 986 157 986 179 977 284 986 286 986 288 986 322 977 335 973 343 977 361 986 363 986 365 986 489 982 526 993 528 993 530 993 532 993 563 982 574 979 598 982 691 1001 880 1006 882 1006 966 991 983 990 994 993 1045 1010 1047 1010 1049 1010 1051 1010 1082 995 1108 1008 1109 1008 1111 1008 1201 999 1238 1012 1240 1012 1386 1019 1493 1021 1495 1021 1496 1021 1552 1006 1563 1004 1652 1004 1660 1008 1676 1017 1678 1017 1680 1017 1682 1017 1700 1010 1706 1008 1825 1008 1852 1013 1975 1034 1977 1034 2063 1019 2074 1017 2082 1019 2100 1026 2102 1026 2104 1026 2164 1021 2194 1019 2206 1023 2230 1030 2232 1030 2234 1030 2487 1028 2489 1012 2489 964 2408 953 2406 953 2373 960 2298 977 2206 977 2164 962 2162 962 2161 962 2159 962 2126 973 2045 973 1997 971 1951 949 1937 942 1935 942 1845 940 1843 940 1841 940 1823 946 1753 964 1684 942 1669 936 1667 936 1601 933 1550 933 1548 933 1546 933 1535 936 1491 957 1447 935 1438 931 1436 931 1434 931 1432 931 1423 935 1374 955 1309 955 1260 931 1258 931 1256 931 1254 931 1186 949 1130 925 1122 924 1120 924 1119 924 1117 924 1111 925 1073 940 1031 924 1016 918 1014 918 1012 918 1010 918 996 922 933 942 798 942 753 922 752 922 750 922 748 922 711 935 658 913 647 909 645 909 643 909 642 909 631 913 577 931 515 909 502 905 500 905 498 905 497 905 487 909 451 922 390 905 379 903 377 903 376 903 374 903 368 905 322 924 280 903 278 903 277 903 275 903 223 922 176 900 170 898 168 898 166 898 130 898 130 960"/></Shape>
	    <String CONTENT="Karl Gustav Rutz, né le 14 décembre 1857 à Cologne et mort le"
                    HPOS="128"
                    VPOS="898"
                    WIDTH="2361"
                    HEIGHT="136"></String>
          </TextLine>
          <TextLine ID="eSc_line_846ee708"
                    TAGREFS="LT39"
                    BASELINE="174 1076 383 1072 645 1092 1073 1107 2162 1120" 
                    HPOS="174"
                    VPOS="1030"
                    WIDTH="1988"
                    HEIGHT="108">
            <Shape><Polygon POINTS="174 1076 174 1101 220 1090 482 1092 517 1107 537 1114 539 1114 541 1114 543 1114 561 1107 577 1101 603 1107 636 1116 638 1116 640 1116 642 1116 671 1109 706 1100 728 1109 739 1114 741 1114 742 1114 768 1111 805 1103 820 1111 845 1123 847 1123 1010 1127 1012 1127 1014 1127 1049 1114 1053 1112 1130 1112 1139 1114 1181 1129 1183 1129 1185 1129 1249 1116 1260 1114 1263 1116 1289 1133 1291 1133 1293 1133 1295 1133 1403 1118 1408 1118 1410 1118 1434 1131 1436 1131 1438 1131 1440 1131 1467 1123 1614 1138 1616 1138 1698 1122 1713 1120 1785 1120 1790 1123 1818 1134 1819 1134 1821 1134 1895 1127 2096 1138 2098 1138 2161 1127 2162 1120 2162 1092 2104 1063 2102 1063 2100 1063 2001 1087 1990 1089 1975 1087 1832 1057 1830 1057 1829 1057 1785 1079 1773 1085 1729 1078 1572 1054 1570 1054 1568 1054 1524 1072 1506 1079 1484 1070 1451 1057 1449 1057 1447 1057 1445 1057 1419 1068 1396 1079 1245 1078 1216 1063 1205 1057 1203 1057 1201 1057 1199 1057 1186 1061 1141 1076 1069 1076 966 1074 919 1052 895 1043 893 1043 843 1041 842 1041 840 1041 823 1050 787 1070 750 1070 698 1068 656 1045 649 1041 647 1041 645 1041 643 1041 632 1043 609 1050 594 1043 583 1037 581 1037 486 1035 484 1035 482 1035 475 1039 458 1046 442 1037 440 1035 438 1035 436 1035 434 1035 403 1035 306 1041 288 1032 284 1032 282 1032 280 1032 278 1032 277 1032 253 1045 229 1032 227 1032 174 1030 174 1076"/></Shape>
	    <String CONTENT="9 août 1949 à Cologne, est un sculpteur allemand."
                    HPOS="174"
                    VPOS="1030"
                    WIDTH="1988"
                    HEIGHT="108"></String>
          </TextLine>
          <TextLine ID="eSc_line_6be39180"
                    TAGREFS="LT39"
                    BASELINE="154 1195 656 1208 1221 1243 1951 1250 2260 1265 2410 1259" 
                    HPOS="152"
                    VPOS="1144"
                    WIDTH="2258"
                    HEIGHT="165">
            <Shape><Polygon POINTS="152 1208 232 1224 234 1224 236 1224 267 1217 339 1254 341 1254 372 1255 374 1255 376 1255 436 1226 495 1219 498 1219 686 1222 686 1224 709 1235 711 1235 713 1235 803 1228 821 1239 823 1239 825 1239 959 1250 961 1250 963 1250 986 1243 1071 1276 1073 1276 1249 1279 1251 1279 1252 1279 1328 1255 1451 1287 1452 1287 1517 1288 1518 1288 1520 1288 1616 1265 1665 1290 1667 1290 1669 1290 1671 1290 1737 1261 1796 1272 1797 1272 2010 1266 2109 1305 2111 1305 2217 1309 2219 1309 2221 1309 2320 1279 2351 1290 2353 1290 2355 1290 2357 1290 2408 1272 2410 1259 2410 1224 2384 1215 2383 1215 2381 1215 2340 1221 2298 1228 2282 1219 2245 1200 2243 1200 2073 1195 2071 1195 2069 1195 2028 1210 2003 1219 1953 1219 1931 1206 1898 1189 1896 1189 1895 1189 1893 1189 1851 1204 1843 1206 1838 1204 1807 1188 1805 1188 1803 1188 1737 1200 1729 1200 1726 1199 1698 1184 1696 1184 1695 1184 1693 1184 1656 1197 1625 1208 1344 1202 1302 1184 1269 1171 1267 1171 1265 1171 1263 1171 1229 1182 1181 1197 1146 1197 1111 1177 1106 1175 1104 1175 1102 1175 1100 1175 1097 1177 1076 1186 1054 1175 1053 1175 1051 1175 1049 1175 1047 1175 1012 1191 950 1191 897 1169 873 1160 871 1160 869 1160 831 1167 818 1169 799 1166 753 1156 709 1156 708 1156 706 1156 691 1162 649 1180 590 1158 568 1151 566 1151 565 1151 563 1151 550 1156 506 1177 454 1162 453 1162 451 1162 449 1162 412 1173 339 1162 337 1162 335 1162 311 1171 155 1144 154 1195 152 1208"/></Shape>
	    <String CONTENT="Marquis de Cholmondeley (Marquess of Cholmondeley), est"
                    HPOS="152"
                    VPOS="1144"
                    WIDTH="2258"
                    HEIGHT="165"></String>
          </TextLine>
          <TextLine ID="eSc_line_d6bdf31e"
                    TAGREFS="LT39"
                    BASELINE="156 1318 1779 1365" 
                    HPOS="151"
                    VPOS="1256"
                    WIDTH="1626"
                    HEIGHT="132">
            <Shape><Polygon POINTS="154 1317 151 1325 770 1342 816 1366 827 1366 858 1347 1141 1366 1193 1353 1394 1383 1529 1386 1581 1366 1603 1388 1727 1372 1749 1386 1763 1386 1777 1364 1774 1328 1686 1328 1683 1322 1650 1295 1650 1292 1636 1292 1587 1325 1325 1317 1279 1281 1268 1281 1210 1314 1158 1314 1108 1276 1097 1276 1039 1309 924 1309 874 1276 792 1276 759 1295 734 1265 657 1265 640 1281 580 1262 569 1262 569 1265 539 1289 495 1259 442 1256 349 1256 294 1287 239 1287 200 1259 189 1259 154 1273 154 1317"/></Shape>
	    <String CONTENT="un titre de la pairie du Royaume-Uni."
                    HPOS="151"
                    VPOS="1256"
                    WIDTH="1626"
                    HEIGHT="132"></String>
          </TextLine>
          <TextLine ID="eSc_line_8146983f"
                    TAGREFS="LT39"
                    BASELINE="110 1459 1016 1463 2394 1492" 
                    HPOS="108"
                    VPOS="1395"
                    WIDTH="2286"
                    HEIGHT="119">
            <Shape><Polygon POINTS="110 1459 108 1472 128 1481 130 1481 132 1481 133 1481 159 1472 166 1472 491 1486 493 1486 495 1486 521 1477 546 1468 566 1477 587 1488 588 1488 590 1488 592 1488 620 1479 636 1474 667 1479 686 1483 687 1483 763 1481 1005 1475 1144 1488 1155 1488 1157 1488 1172 1488 1337 1481 1372 1492 1394 1499 1396 1499 1397 1499 1399 1499 1414 1492 1436 1483 1473 1483 1495 1494 1506 1499 1507 1499 1509 1499 1535 1496 1585 1485 1630 1496 1656 1503 1658 1503 1660 1503 1700 1497 1762 1488 1788 1499 1794 1501 1796 1501 1959 1510 1961 1510 1962 1510 1986 1503 2014 1494 2093 1505 2166 1514 2168 1514 2392 1508 2394 1492 2392 1448 2307 1433 2306 1433 2304 1433 2274 1444 2245 1457 2197 1457 2153 1442 2139 1437 2137 1437 2135 1437 2133 1437 2122 1441 2109 1446 2093 1441 2062 1428 2060 1428 2058 1428 2056 1428 2030 1439 2001 1453 1939 1453 1896 1435 1895 1435 1893 1435 1891 1435 1889 1435 1887 1435 1865 1444 1845 1435 1821 1422 1819 1422 1818 1422 1816 1422 1783 1433 1733 1448 1601 1448 1566 1430 1564 1430 1563 1430 1366 1442 1286 1420 1254 1413 1252 1413 1251 1413 1249 1413 1230 1420 1183 1439 1141 1419 1128 1411 1126 1411 1023 1409 966 1409 964 1409 963 1409 953 1413 919 1431 810 1433 763 1409 759 1408 757 1408 755 1408 753 1408 750 1409 691 1431 623 1406 618 1404 616 1404 614 1404 612 1404 607 1406 541 1430 454 1430 390 1400 388 1400 387 1400 385 1400 383 1400 381 1400 313 1420 267 1398 266 1398 110 1395 110 1459"/></Shape>
	    <String CONTENT="Lakeshore Gardens-Hidden Acres est une census-designated"
                    HPOS="108"
                    VPOS="1395"
                    WIDTH="2286"
                    HEIGHT="119"></String>
          </TextLine>
          <TextLine ID="eSc_line_ccdd606b"
                    TAGREFS="LT39"
                    BASELINE="117 1551 618 1571 1007 1571 1126 1593 1678 1600 2192 1629 2476 1637" 
                    HPOS="115"
                    VPOS="1497"
                    WIDTH="2361"
                    HEIGHT="154">
            <Shape><Polygon POINTS="117 1551 115 1574 286 1567 357 1585 361 1585 363 1585 365 1585 368 1585 409 1576 535 1585 537 1585 539 1585 572 1576 631 1593 634 1595 636 1595 638 1595 649 1595 717 1587 752 1598 755 1598 757 1598 759 1598 761 1598 763 1598 807 1584 1014 1589 1047 1607 1049 1607 1051 1607 1053 1607 1064 1607 1164 1600 1207 1611 1210 1613 1212 1613 1214 1613 1225 1613 1309 1604 1333 1617 1335 1617 1337 1617 1339 1618 1379 1618 1447 1618 1447 1617 1449 1617 1496 1606 1579 1618 1581 1618 1840 1617 1898 1633 1900 1633 1917 1635 2038 1639 2040 1639 2041 1639 2069 1628 2093 1640 2095 1640 2096 1640 2098 1640 2100 1640 2128 1631 2181 1642 2190 1644 2315 1648 2317 1648 2318 1648 2320 1648 2339 1639 2359 1650 2361 1650 2362 1650 2471 1651 2476 1637 2476 1595 2414 1569 2412 1569 2410 1569 2408 1569 2350 1589 2238 1563 2236 1563 2168 1573 2122 1560 2120 1560 2118 1560 2014 1580 1950 1554 1948 1554 1946 1554 1854 1574 1728 1573 1660 1569 1599 1543 1597 1543 1596 1543 1594 1543 1572 1551 1463 1540 1462 1540 1460 1540 1416 1556 1375 1536 1374 1536 1372 1536 1267 1556 1238 1545 1236 1545 1234 1545 1153 1552 1093 1527 1091 1527 1089 1527 1038 1538 961 1523 959 1523 957 1523 913 1540 865 1519 864 1519 812 1519 810 1519 809 1519 746 1540 669 1514 667 1514 665 1514 664 1514 605 1534 504 1532 440 1507 438 1507 436 1507 289 1525 168 1497 166 1497 165 1497 117 1518 117 1551"/></Shape>
	    <String CONTENT="place située dans le comté de San Patricio, dans l’État du"
                    HPOS="115"
                    VPOS="1497"
                    WIDTH="2361"
                    HEIGHT="154"></String>
          </TextLine>
          <TextLine ID="eSc_line_f351e5f7"
                    TAGREFS="LT39"
                    BASELINE="124 1677 1124 1706 1682 1736 2289 1754" 
                    HPOS="122"
                    VPOS="1620"
                    WIDTH="2167"
                    HEIGHT="156">
            <Shape><Polygon POINTS="124 1677 122 1686 161 1703 163 1703 165 1703 286 1697 337 1714 339 1714 341 1714 418 1699 429 1697 453 1699 532 1710 533 1710 601 1706 629 1705 634 1706 660 1719 662 1719 664 1719 665 1719 698 1710 709 1706 717 1710 733 1721 735 1721 737 1721 796 1727 798 1727 853 1716 875 1712 891 1717 902 1721 904 1721 1021 1723 1197 1723 1216 1730 1256 1745 1258 1745 1427 1750 1429 1750 1430 1750 1465 1741 1553 1752 1555 1752 1596 1745 1634 1739 1667 1749 1693 1756 1695 1756 1696 1756 1698 1756 1717 1750 1744 1743 1819 1754 1865 1761 1999 1767 2001 1767 2003 1767 2016 1763 2047 1752 2067 1765 2069 1765 2071 1765 2073 1765 2076 1765 2122 1754 2157 1769 2177 1776 2179 1776 2181 1776 2285 1772 2289 1754 2287 1717 2238 1717 2232 1714 2199 1695 2197 1695 2195 1695 2194 1695 2142 1710 2133 1712 2034 1710 2021 1705 1994 1695 1992 1695 1990 1695 1951 1701 1933 1705 1920 1701 1852 1675 1851 1675 1713 1675 1711 1675 1709 1675 1663 1690 1640 1695 1596 1686 1568 1681 1566 1681 1531 1683 1511 1684 1506 1683 1471 1662 1469 1662 1467 1662 1465 1662 1429 1679 1416 1684 1399 1677 1379 1668 1377 1668 1375 1668 1339 1675 1333 1675 1331 1675 1317 1664 1315 1664 1313 1664 1311 1664 1309 1664 1287 1672 1262 1683 1238 1670 1207 1653 1205 1653 1115 1651 1113 1651 1111 1651 1084 1664 1065 1672 1042 1662 1029 1657 1027 1657 1025 1657 1023 1657 1016 1661 992 1672 964 1659 935 1644 933 1644 931 1644 930 1644 891 1655 853 1666 825 1651 816 1648 814 1648 812 1648 785 1650 770 1651 765 1650 741 1639 739 1639 662 1635 660 1635 658 1635 636 1644 598 1659 508 1659 482 1642 480 1642 478 1642 476 1642 475 1642 432 1653 266 1650 223 1626 212 1620 210 1620 209 1620 124 1620 124 1677"/></Shape>
	    <String CONTENT="Texas, aux États-Unis. Sa population s’élevait à 504"
                    HPOS="122"
                    VPOS="1620"
                    WIDTH="2167"
                    HEIGHT="156"></String>
          </TextLine>
          <TextLine ID="eSc_line_aee4eb96"
                    TAGREFS="LT39"
                    BASELINE="113 1800 1627 1835" 
                    HPOS="111"
                    VPOS="1741"
                    WIDTH="1516"
                    HEIGHT="114">
            <Shape><Polygon POINTS="113 1800 111 1811 124 1820 126 1820 128 1820 130 1820 508 1818 592 1833 594 1833 695 1824 709 1835 711 1835 713 1835 715 1835 853 1827 867 1838 869 1838 871 1838 1148 1846 1150 1846 1225 1835 1308 1849 1309 1849 1385 1838 1423 1851 1425 1851 1555 1855 1557 1855 1559 1855 1561 1855 1575 1844 1599 1855 1601 1855 1603 1855 1605 1855 1607 1855 1625 1842 1627 1835 1627 1809 1533 1804 1509 1785 1507 1785 1506 1785 1504 1785 1502 1785 1500 1785 1482 1800 1440 1776 1438 1776 1436 1776 1434 1776 1396 1798 1388 1802 1377 1796 1331 1778 1330 1778 1328 1778 1326 1778 1280 1793 1263 1798 1256 1791 1227 1769 1225 1769 1223 1769 1221 1769 1219 1769 1179 1789 1163 1796 1023 1783 1021 1783 1020 1783 988 1793 909 1776 906 1776 904 1776 900 1776 790 1787 766 1769 753 1760 752 1760 750 1760 748 1760 746 1760 744 1760 733 1769 708 1787 682 1787 654 1767 653 1767 651 1767 649 1767 647 1767 621 1778 603 1761 592 1752 590 1752 588 1752 539 1752 537 1752 535 1752 522 1760 484 1780 440 1754 427 1749 425 1749 423 1749 421 1749 409 1754 376 1767 357 1750 352 1747 350 1747 348 1747 214 1745 212 1745 210 1745 209 1745 190 1758 172 1743 170 1743 168 1743 113 1741 113 1800"/></Shape>
	    <String CONTENT="habitants lors du recensement de 2010."
                    HPOS="111"
                    VPOS="1741"
                    WIDTH="1516"
                    HEIGHT="114"></String>
          </TextLine>
          <TextLine ID="eSc_line_6f3e9d0e"
                    TAGREFS="LT39"
                    BASELINE="133 1943 691 1934 1656 1952 2518 1939" 
                    HPOS="132"
                    VPOS="1881"
                    WIDTH="2386"
                    HEIGHT="111">
            <Shape><Polygon POINTS="133 1943 132 1956 207 1991 209 1991 210 1991 212 1991 304 1956 306 1956 574 1956 583 1959 653 1991 654 1991 656 1991 658 1991 759 1961 777 1956 796 1961 878 1991 880 1991 882 1992 922 1992 922 1991 924 1991 983 1963 1001 1956 1029 1963 1045 1969 1047 1969 1049 1969 1075 1965 1106 1959 1216 1967 1271 1969 1273 1969 1291 1967 1363 1956 1414 1969 1506 1991 1507 1991 1509 1991 1559 1970 1590 1981 1592 1981 1594 1981 1596 1981 1630 1970 1654 1963 1761 1967 1762 1967 1764 1967 1790 1956 1884 1959 1911 1974 1950 1991 1951 1991 1953 1992 2025 1992 2025 1991 2027 1991 2062 1974 2091 1961 2139 1976 2188 1991 2190 1991 2192 1992 2493 1992 2493 1991 2494 1991 2516 1980 2518 1939 2515 1914 2318 1915 2306 1910 2241 1881 2239 1881 2238 1881 2124 1908 2085 1917 1893 1917 1867 1904 1865 1904 1863 1904 1862 1904 1651 1915 1619 1904 1618 1904 1616 1904 1614 1904 1592 1914 1559 1899 1513 1881 1511 1881 1474 1881 1473 1881 1471 1881 1414 1897 1353 1915 1276 1906 1275 1906 1273 1906 1251 1917 1073 1917 1036 1906 1034 1906 1032 1906 1031 1906 1001 1915 939 1892 911 1881 909 1881 790 1881 788 1881 787 1881 768 1888 753 1895 739 1888 720 1881 719 1881 548 1881 546 1881 544 1881 533 1886 502 1899 456 1884 443 1881 442 1881 440 1881 438 1881 431 1884 366 1912 289 1912 225 1881 223 1881 221 1881 133 1881 133 1943"/></Shape>
	    <String CONTENT="Simylos de Naples (grec ancien : - -π-) est un vainqueur olympique"
                    HPOS="132"
                    VPOS="1881"
                    WIDTH="2386"
                    HEIGHT="111"></String>
          </TextLine>
          <TextLine ID="eSc_line_963275db"
                    TAGREFS="LT39"
                    BASELINE="132 2020 946 2046" 
                    HPOS="130"
                    VPOS="1976"
                    WIDTH="816"
                    HEIGHT="99">
            <Shape><Polygon POINTS="132 2020 130 2029 155 2042 157 2042 159 2042 221 2033 256 2058 258 2058 260 2058 306 2060 308 2060 310 2060 357 2046 465 2055 467 2055 526 2042 543 2055 543 2057 544 2057 546 2057 548 2057 651 2046 678 2064 680 2064 682 2064 684 2064 686 2064 724 2051 761 2073 763 2073 765 2073 814 2075 816 2075 818 2075 820 2075 820 2073 836 2058 886 2073 887 2073 889 2073 891 2073 944 2053 946 2046 944 2022 895 2022 891 2020 832 1994 831 1994 829 1994 827 1994 776 2014 759 1994 757 1994 757 1992 755 1992 753 1992 715 1991 713 1991 711 1991 667 2013 665 2013 623 2013 621 2011 587 1987 585 1987 583 1987 561 1987 559 1987 557 1987 555 1987 532 2009 526 2009 508 2009 508 2007 495 1996 495 1994 493 1994 491 1994 489 1994 487 1994 447 2005 445 2005 310 2003 308 2002 289 1985 288 1985 286 1985 284 1985 209 1996 183 1976 181 1976 179 1976 177 1976 176 1976 132 1994 132 2020"/></Shape>
	    <String CONTENT="originaire de Naples."
                    HPOS="130"
                    VPOS="1976"
                    WIDTH="816"
                    HEIGHT="99"></String>
          </TextLine>
          <TextLine ID="eSc_line_480a351a"
                    TAGREFS="LT39"
                    BASELINE="133 2135 2516 2196" 
                    HPOS="132"
                    VPOS="2077"
                    WIDTH="2384"
                    HEIGHT="139">
            <Shape><Polygon POINTS="133 2135 132 2143 165 2154 166 2154 168 2154 299 2152 348 2174 350 2174 476 2176 478 2176 561 2156 565 2156 570 2156 642 2176 643 2176 645 2176 647 2176 684 2161 730 2183 731 2183 733 2183 893 2167 909 2165 913 2167 959 2189 961 2189 963 2189 1102 2172 1120 2170 1126 2172 1150 2185 1152 2185 1153 2185 1238 2176 1260 2174 1265 2178 1286 2187 1287 2187 1289 2187 1469 2183 1550 2181 1559 2185 1581 2196 1583 2196 1585 2196 1586 2196 1607 2187 1616 2183 1660 2189 1722 2196 1724 2196 1781 2192 1829 2189 1840 2194 1882 2212 1884 2212 1940 2214 2036 2216 2038 2216 2040 2216 2093 2201 2111 2196 2133 2201 2177 2216 2179 2216 2181 2216 2183 2216 2212 2205 2221 2201 2230 2205 2256 2214 2258 2214 2260 2214 2515 2212 2516 2196 2516 2154 2480 2137 2478 2137 2397 2137 2395 2137 2394 2137 2355 2150 2324 2159 2241 2159 2216 2145 2188 2132 2186 2132 2184 2132 2183 2132 2153 2143 2124 2154 1975 2152 1935 2135 1898 2123 1896 2123 1797 2119 1796 2119 1794 2119 1764 2130 1726 2145 1656 2126 1612 2115 1610 2115 1608 2115 1607 2115 1581 2124 1535 2139 1441 2139 1381 2117 1352 2108 1350 2108 1308 2108 1306 2108 1304 2108 1287 2115 1247 2132 1205 2112 1188 2104 1186 2104 1185 2104 1153 2110 1124 2115 1108 2108 1093 2102 1091 2102 1089 2102 1087 2102 1075 2108 1029 2126 981 2112 979 2112 977 2112 975 2112 946 2124 909 2112 908 2112 906 2112 904 2112 875 2123 788 2123 722 2104 720 2104 719 2104 717 2104 693 2112 653 2093 643 2090 642 2090 577 2090 576 2090 574 2090 570 2090 533 2106 500 2090 498 2090 497 2090 495 2090 443 2112 357 2112 256 2080 255 2080 133 2077 133 2135"/></Shape>
	    <String CONTENT="Il remporta la course à pied du stadion d&#x27;une longueur d&#x27;un stade"
                    HPOS="132"
                    VPOS="2077"
                    WIDTH="2384"
                    HEIGHT="139"></String>
          </TextLine>
          <TextLine ID="eSc_line_f69cf1c3"
                    TAGREFS="LT39"
                    BASELINE="99 2245 900 2260 1190 2280 1704 2291 2386 2291" 
                    HPOS="97"
                    VPOS="2192"
                    WIDTH="2289"
                    HEIGHT="129">
            <Shape><Polygon POINTS="99 2245 97 2267 121 2277 122 2277 124 2277 126 2277 155 2269 183 2262 532 2266 601 2273 607 2277 651 2297 653 2297 654 2297 656 2297 706 2278 724 2271 919 2275 930 2282 944 2288 946 2288 948 2288 974 2282 1007 2275 1025 2282 1036 2288 1038 2288 1040 2288 1117 2284 1142 2284 1146 2286 1194 2306 1196 2306 1197 2306 1337 2289 1381 2311 1383 2311 1467 2313 1469 2313 1718 2308 1755 2317 1757 2317 1759 2317 1873 2300 1983 2321 1984 2321 1986 2321 2034 2302 2052 2313 2054 2313 2056 2313 2058 2313 2139 2311 2140 2311 2164 2302 2173 2299 2183 2302 2208 2311 2210 2311 2212 2311 2265 2302 2283 2300 2291 2304 2307 2311 2309 2311 2311 2311 2384 2304 2386 2291 2386 2266 2333 2242 2331 2242 2329 2242 2328 2242 2293 2255 2249 2233 2247 2233 2245 2233 2199 2234 2197 2234 2146 2258 2142 2260 2038 2260 2023 2253 2005 2247 2003 2247 2001 2247 1999 2247 1986 2253 1975 2256 1964 2251 1929 2234 1928 2234 1926 2234 1924 2234 1885 2249 1871 2255 1465 2251 1436 2234 1407 2220 1405 2220 1403 2220 1401 2220 1361 2233 1317 2245 1282 2229 1236 2209 1234 2209 1232 2209 1042 2211 1040 2211 1016 2222 983 2234 944 2218 919 2209 917 2209 915 2209 913 2209 893 2218 869 2227 823 2214 774 2201 772 2201 770 2201 702 2209 588 2200 587 2200 585 2200 570 2207 555 2214 539 2205 526 2200 524 2200 440 2198 438 2198 436 2198 425 2201 388 2218 330 2211 328 2211 326 2211 278 2223 225 2222 168 2194 165 2192 163 2192 99 2192 99 2245"/></Shape>
	    <String CONTENT="(environ 192 m) lors des 133e Jeux olympiques, en 248 av. J.-C."
                    HPOS="97"
                    VPOS="2192"
                    WIDTH="2289"
                    HEIGHT="129"></String>
          </TextLine>
          <TextLine ID="eSc_line_25e42c14"
                    TAGREFS="LT39"
                    BASELINE="128 2379 456 2377 2023 2429 2520 2425" 
                    HPOS="126"
                    VPOS="2315"
                    WIDTH="2394"
                    HEIGHT="147">
            <Shape><Polygon POINTS="128 2379 126 2385 152 2398 154 2398 350 2403 352 2403 354 2403 396 2390 403 2388 464 2392 733 2410 735 2410 737 2410 765 2399 768 2399 796 2401 1018 2416 1020 2416 1109 2409 1122 2409 1130 2409 1201 2425 1203 2425 1298 2414 1304 2414 1315 2414 1548 2434 1550 2434 1645 2423 1649 2423 1684 2440 1685 2440 1687 2440 1764 2427 1823 2442 1825 2442 1827 2442 1829 2442 1858 2429 1863 2429 2056 2451 2157 2453 2159 2453 2161 2453 2208 2440 2254 2456 2256 2456 2258 2456 2260 2456 2317 2442 2350 2458 2351 2458 2452 2462 2454 2462 2518 2445 2520 2425 2516 2399 2463 2401 2454 2398 2417 2379 2416 2379 2328 2370 2326 2370 2258 2379 2206 2368 2205 2368 2203 2368 2153 2388 2144 2392 2067 2392 2058 2387 2036 2376 2034 2376 2032 2376 1979 2385 1966 2387 1961 2385 1907 2359 1906 2359 1904 2359 1902 2359 1843 2381 1836 2383 1618 2379 1612 2376 1579 2359 1577 2359 1575 2359 1574 2359 1541 2374 1535 2376 1530 2374 1491 2357 1489 2357 1487 2357 1485 2357 1449 2370 1396 2344 1394 2344 1392 2344 1223 2361 1186 2346 1185 2346 1183 2346 1181 2346 1142 2363 1075 2335 1073 2335 1071 2335 942 2348 909 2332 908 2332 807 2328 805 2328 803 2328 733 2352 693 2339 691 2339 689 2339 620 2350 612 2350 561 2348 546 2348 480 2319 478 2319 476 2319 475 2319 401 2343 344 2315 343 2315 341 2315 221 2333 179 2317 177 2317 176 2317 174 2317 128 2333 128 2379"/></Shape>
	    <String CONTENT="Joseph Alexandre Landrol, dit Landrol, né à Bordeaux le 27 juin"
                    HPOS="126"
                    VPOS="2315"
                    WIDTH="2394"
                    HEIGHT="147"></String>
          </TextLine>
          <TextLine ID="eSc_line_08bfc515"
                    TAGREFS="LT39"
                    BASELINE="139 2486 388 2482 1170 2511 1553 2511 2507 2548" 
                    HPOS="137"
                    VPOS="2418"
                    WIDTH="2370"
                    HEIGHT="146">
            <Shape><Polygon POINTS="139 2486 137 2489 284 2498 286 2498 302 2495 328 2489 346 2497 354 2500 355 2500 357 2500 379 2498 443 2489 484 2502 504 2508 506 2508 704 2513 706 2513 731 2509 772 2502 801 2511 812 2515 814 2515 816 2515 834 2513 875 2506 891 2515 900 2519 902 2519 904 2519 906 2519 917 2515 931 2509 994 2517 1060 2526 1170 2528 1172 2528 1174 2528 1188 2524 1212 2517 1252 2526 1282 2531 1284 2531 1320 2528 1390 2520 1667 2539 1680 2539 1682 2539 1693 2539 1935 2539 1964 2548 1975 2552 1977 2552 1979 2552 2019 2550 2065 2548 2087 2552 2128 2561 2504 2564 2507 2548 2507 2519 2423 2515 2342 2487 2340 2487 2254 2486 2252 2486 2250 2486 2212 2498 2161 2482 2159 2482 2157 2482 2155 2482 2076 2502 2065 2504 1942 2500 1935 2497 1893 2475 1891 2475 1889 2475 1819 2489 1777 2469 1775 2469 1658 2465 1656 2465 1654 2465 1619 2478 1561 2464 1559 2464 1557 2464 1555 2464 1517 2480 1513 2482 1487 2480 1432 2475 1397 2456 1396 2456 1394 2456 1293 2462 1218 2451 1216 2451 1214 2451 1174 2469 1161 2475 1119 2475 990 2469 974 2462 935 2442 933 2442 895 2440 893 2440 820 2454 785 2462 583 2456 563 2445 539 2434 537 2434 535 2434 533 2434 506 2443 486 2451 465 2442 449 2434 447 2434 445 2434 401 2440 343 2447 322 2436 295 2423 293 2423 210 2418 209 2418 139 2429 139 2486"/></Shape>
	    <String CONTENT="1828 et décédé à Paramé le 16 août 1888 est un acteur français."
                    HPOS="137"
                    VPOS="2418"
                    WIDTH="2370"
                    HEIGHT="146"></String>
          </TextLine>
          <TextLine ID="eSc_line_ac45237d"
                    TAGREFS="LT39"
                    BASELINE="102 2632 421 2625 1718 2630 2458 2656" 
                    HPOS="102"
                    VPOS="2557"
                    WIDTH="2356"
                    HEIGHT="121">
            <Shape><Polygon POINTS="102 2632 102 2649 385 2634 599 2636 642 2654 662 2662 664 2662 665 2663 759 2663 759 2662 761 2662 779 2654 821 2638 856 2656 858 2656 860 2656 862 2656 864 2656 865 2656 906 2641 1010 2640 1135 2658 1203 2667 1205 2667 1278 2658 1392 2645 1443 2654 1445 2654 1528 2645 1777 2647 1808 2663 1830 2673 1832 2673 1970 2674 1972 2674 1973 2674 1995 2665 2016 2656 2067 2665 2131 2676 2133 2676 2228 2674 2230 2674 2258 2667 2282 2660 2300 2667 2328 2678 2329 2678 2331 2678 2456 2667 2458 2656 2458 2614 2228 2610 2225 2607 2157 2577 2155 2577 2153 2577 1995 2601 1962 2607 1946 2601 1874 2574 1873 2574 1871 2574 1869 2574 1805 2592 1764 2579 1762 2579 1761 2579 1759 2579 1726 2592 1682 2572 1680 2572 1678 2572 1676 2572 1623 2585 1553 2570 1552 2570 1550 2570 1511 2586 1473 2570 1471 2570 1425 2570 1423 2570 1421 2570 1368 2586 1328 2568 1326 2568 1324 2568 1322 2568 1286 2585 1252 2601 1199 2601 1098 2586 1097 2586 1062 2592 1036 2579 1014 2568 1012 2568 944 2564 838 2564 836 2564 834 2564 814 2574 770 2596 669 2596 581 2568 579 2568 577 2568 576 2568 489 2592 440 2568 438 2568 436 2568 434 2568 394 2585 346 2563 344 2563 343 2563 341 2563 317 2570 299 2561 291 2557 289 2557 288 2557 271 2561 221 2572 192 2559 188 2557 187 2557 102 2557 102 2632"/></Shape>
	    <String CONTENT="La loi du campus (titre original : Brotherhood of justice) est un"
                    HPOS="102"
                    VPOS="2557"
                    WIDTH="2356"
                    HEIGHT="121"></String>
          </TextLine>
          <TextLine ID="eSc_line_967bb383"
                    TAGREFS="LT39"
                    BASELINE="111 2761 821 2748 1649 2762 2309 2762" 
                    HPOS="110"
                    VPOS="2691"
                    WIDTH="2199"
                    HEIGHT="97">
            <Shape><Polygon POINTS="111 2761 110 2766 148 2783 150 2783 152 2783 207 2772 341 2784 343 2786 405 2786 405 2784 407 2784 451 2768 458 2764 465 2768 497 2781 498 2781 500 2781 502 2781 554 2768 577 2762 917 2762 931 2768 944 2773 946 2773 948 2773 1029 2768 1130 2762 1190 2770 1247 2775 1249 2775 1284 2770 1322 2762 1383 2770 1449 2777 1451 2777 1452 2777 1476 2770 1491 2766 1533 2770 1695 2786 1696 2788 1770 2788 1770 2786 1772 2786 1812 2770 1821 2768 1834 2770 1874 2779 1876 2779 1988 2775 2012 2786 2014 2786 2016 2788 2278 2788 2278 2786 2280 2786 2307 2772 2309 2762 2309 2728 2243 2702 2241 2702 2239 2702 2238 2702 2203 2717 2128 2695 2126 2695 2093 2695 2091 2695 2089 2695 2032 2722 2025 2726 1935 2726 1926 2720 1860 2695 1858 2695 1856 2695 1854 2695 1805 2718 1790 2728 1652 2728 1632 2717 1588 2695 1586 2695 1557 2695 1555 2695 1553 2695 1515 2713 1489 2728 1399 2728 1372 2713 1370 2713 1368 2713 1366 2713 1324 2726 1161 2726 1049 2706 966 2693 964 2693 878 2702 790 2693 788 2693 787 2693 761 2702 735 2709 717 2700 700 2693 698 2693 654 2693 653 2693 651 2693 638 2698 587 2724 511 2707 510 2707 508 2707 473 2726 390 2726 322 2693 315 2691 313 2691 111 2691 111 2761"/></Shape>
	    <String CONTENT="téléfilm de Charles Braverman avec Keanu Reeves, Kiefer"
                    HPOS="110"
                    VPOS="2691"
                    WIDTH="2199"
                    HEIGHT="97"></String>
          </TextLine>
          <TextLine ID="eSc_line_071c867f"
                    TAGREFS="LT39"
                    BASELINE="128 2887 720 2869 1108 2869 1467 2854 1929 2856 2450 2871" 
                    HPOS="126"
                    VPOS="2801"
                    WIDTH="2324"
                    HEIGHT="104">
            <Shape><Polygon POINTS="128 2887 128 2896 297 2905 299 2905 300 2905 328 2896 348 2891 432 2891 454 2896 480 2904 482 2904 484 2904 486 2904 502 2896 526 2885 548 2896 550 2896 552 2896 554 2896 555 2896 557 2896 631 2878 722 2887 724 2887 858 2876 942 2894 966 2900 968 2902 1150 2902 1150 2900 1152 2900 1166 2894 1234 2871 1907 2876 1909 2876 1911 2876 1939 2867 2201 2889 2203 2889 2340 2880 2366 2891 2368 2891 2370 2893 2450 2893 2450 2871 2449 2825 2405 2812 2403 2812 2401 2812 2399 2812 2370 2827 2368 2827 2074 2827 2067 2825 2028 2808 2027 2808 2025 2808 2023 2808 1972 2825 1957 2828 1944 2825 1882 2801 1880 2801 1825 2801 1823 2801 1821 2801 1794 2814 1766 2801 1764 2801 1762 2801 1693 2803 1691 2803 1636 2823 1623 2827 1607 2823 1586 2817 1585 2817 1583 2817 1581 2817 1570 2823 1561 2827 1550 2823 1502 2803 1500 2803 1498 2803 1440 2812 1326 2805 1324 2805 1322 2805 1286 2821 1262 2834 1194 2834 1155 2821 1126 2810 1124 2810 1122 2810 1120 2810 1098 2819 1076 2812 1075 2812 1073 2812 1071 2812 1049 2821 1016 2834 985 2819 955 2806 953 2806 952 2806 895 2808 893 2808 867 2819 832 2836 792 2819 763 2808 761 2808 709 2808 708 2808 706 2808 684 2819 658 2830 605 2819 603 2819 601 2819 561 2839 517 2839 475 2819 473 2819 471 2819 469 2819 429 2838 385 2817 370 2812 368 2812 366 2812 365 2812 350 2817 313 2832 245 2823 243 2823 242 2823 218 2834 181 2817 170 2812 168 2812 166 2812 126 2816 128 2887"/></Shape>
	    <String CONTENT="Sutherland et Lori Loughlin. C&#x27;est un thriller américain de"
                    HPOS="126"
                    VPOS="2801"
                    WIDTH="2324"
                    HEIGHT="104"></String>
          </TextLine>
          <TextLine ID="eSc_line_882d63c4"
                    TAGREFS="LT39"
                    BASELINE="170 3001 366 2992" 
                    HPOS="166"
                    VPOS="2929"
                    WIDTH="200"
                    HEIGHT="90">
            <Shape><Polygon POINTS="170 3001 170 3015 321 3019 322 3019 324 3019 366 3003 366 2992 361 2944 343 2944 339 2942 326 2931 326 2929 324 2929 322 2929 321 2929 319 2929 317 2929 306 2940 297 2946 166 2931 170 3001"/></Shape>
	    <String CONTENT="1986."
                    HPOS="166"
                    VPOS="2929"
                    WIDTH="200"
                    HEIGHT="90"></String>
          </TextLine>
        </TextBlock>
        <TextBlock HPOS="1663"
                   VPOS="51"
                   WIDTH="666"
                   HEIGHT="130"
                   ID="eSc_textblock_09b1ee62"
                   TAGREFS="BT39">
          <Shape><Polygon POINTS="1695 51 2300 73 2329 152 2285 181 1700 174 1663 152 1671 66 1695 51"/></Shape>
          <TextLine ID="eSc_line_70be0919"
                    TAGREFS="LT39"
                    BASELINE="1685 122 1840 126 2091 148 2311 144" 
                    HPOS="1684"
                    VPOS="67"
                    WIDTH="627"
                    HEIGHT="99">
            <Shape><Polygon POINTS="2309 106 2307 102 2280 88 2278 88 2276 88 2274 88 2239 100 2217 108 2208 99 2203 95 2203 93 2201 93 2199 93 2197 93 2195 93 2194 93 2190 97 2177 108 2170 99 2168 99 2168 97 2166 97 2164 97 2162 97 2161 97 2122 108 2036 106 2001 86 1994 82 1992 82 1990 82 1988 82 1983 84 1951 100 1929 82 1920 73 1918 73 1917 73 1860 73 1858 73 1856 73 1854 73 1854 75 1851 77 1841 86 1816 75 1797 67 1796 67 1794 67 1792 67 1790 67 1783 73 1762 84 1750 73 1750 71 1748 71 1746 71 1744 71 1742 71 1740 71 1722 88 1687 67 1685 122 1684 133 1709 146 1711 146 1713 146 1783 137 1790 137 1792 139 1801 146 1803 146 1805 146 1807 146 1860 143 1878 141 1880 143 1887 152 1889 152 1889 154 1891 154 1893 154 1895 154 2014 150 2063 150 2091 155 2131 163 2133 163 2135 163 2153 159 2172 154 2179 159 2183 163 2183 165 2184 165 2186 165 2307 166 2311 144 2309 106 2309 106"/></Shape>
	    <String CONTENT="wikitexte_0127"
                    HPOS="1684"
                    VPOS="67"
                    WIDTH="627"
                    HEIGHT="99"></String>
          </TextLine>
        </TextBlock>
      </PrintSpace>
    </Page>
  </Layout>
</alto>
