2550 3300
546 247 1505 88 Référence du texte: wikitexte_0138

530 321 1904 119 J'ai lu les conditions de participation et j'y

404 426 2002 80 consens. Je comprends que mon manuscrit sera

407 506 2060 88 anonymisé et utilisé par BAnQ pour des activités

409 584 2062 92 de recherche et développement et qu'il pourra aussi

390 662 2096 108 être publié et partagé sous licence CC-BY pour

401 748 2118 104 être utilisé librement à des fins non commerciales.

423 921 2005 88 André-François Roland est un maître écrivain

404 1003 1917 94 français, né à Paris en 1720, mort en 1792,

399 1094 896 79 actif vers 1750-1780

418 1240 1991 102 Horst Jäcker (né le 21 mars 1941 à Werdohl) est

405 1340 1886 77 un homme politique allemand et membre du

426 1413 2049 96 Landtag de Rhénanie-du-Nord-Westphalie (CDU).

429 1578 1958 96 Nicole Fabrice est une actrice française, née à

436 1670 932 80 Paris, le 5 avril 1930

434 1835 2071 91 Kenk- zenrakei suieibu umish- (- -) est un manga de

436 1919 2079 90 Mitsuru Hattori dont il existe une adaptation en anime.

418 2068 1917 115 Le manga fut prépublié dans le Weekly Sh-nen

412 2170 2018 88 Magazine de K-dansha de 2005 à 2008 et comporte

434 2249 1965 88 9 volumes. La série est éditée par Pika en France.

426 2403 2002 99 La version animé est réalisée par K-ichir- S-tome

407 2494 2098 91 et scénarisée par Mamiko Ikeda. Produit par le

398 2579 2118 88 studio Artland, la série est composée de 13 épisodes

392 2660 2108 101 diffusés notamment sur Chiba TV du 4 juillet au 26

396 2753 603 75 septembre 2007
