2550 3300
2034 23 477 92 wikitexte0256

211 93 2124 129 La Selle (auparavant îlot de la Selle) est un îlot rocheux

211 217 2047 118 de l'archipel de Pointe-Géologie (Terre-Adélie), situé

222 343 1934 99 en mer Dumont-d'Urville (océan Austral) au large du

198 470 850 99 continent antarctique.

211 572 2074 110 Le Clube dos Empregados da Petrobrás _ Duque de Caxias

211 701 2105 102 ou CEPE_Caxias est un club brésilien de football féminin

214 819 963 96 basé à Duque de Caxias.

217 940 2060 113 Masto ou Masto Heuer (pseudonyme de Thomas Heuer), né à Paris

206 1050 2057 121 en 1960, est un photographe professionnel français et un

206 1179 2046 99 saxophoniste. Il joue notamment dans Bérurier Noir entre

209 1292 552 99 1985 et 1989.

214 1416 2102 104 Un cochon truffier est, comme son nom l'indique, utilisé

206 1537 2074 102 pour trouver des truffes dans le sol grâce à son odorat.

214 1639 1887 123 La distillerie Yamazaki (-, Yamazaki j-ry-sho) est une

198 1765 2118 99 distillerie de whisky japonais située à Shimamoto dans la

195 1883 2115 113 préfecture d'Osaka. Fondée en 1923 par Shinjir- Torii, c'et

206 1999 2077 110 la première distillerie historique de whisky du Japon.

209 2120 2035 115 La distillerie appartient maintenant au groupe Suntory,

195 2238 1356 102 tout comme la distillerie Hakushu.
