2550 3300
1995 18 516 82 wikitexte_0238

44 119 2460 145 J'ai lu les conditions de participation et j'y consens. Je comprends que

51 212 2277 112 mon manuscrit sera anonymisé et utilisé par BAnQ pour des

47 298 2301 114 activités de recherche et développement et qu'il pourra aussi

47 399 2321 112 être publié et partagé sous licence CC-BY pour être utilisé

51 509 1456 99 librement à des fins non commerciales.

55 689 2362 141 Samaje Perine, né le 16 septembre 1995 à Jackson en Alabama,

55 804 2168 125 est un joueur professionnel américain de football américain

53 911 2419 176 évoluant au poste de running back la National Football League

47 1010 228 104 (NFL).

49 1186 2414 119 Après avoir joué au niveau universitaire pour les Sooners de

55 1338 2262 140 l'Oklahoma, il est sélectionné par les Redskins de Washington

55 1453 2395 109 lors de la draft 2017 de la NFL où il reste deux saisons. Il

45 1573 2216 138 signe ensuite chez les Bengals de Cincinnati (2019), chez les

40 1684 2453 155 Dolphins de Miami (2019), chez les Bengals de Cincinnati (2020-2022)

44 1785 2173 160 avant de s'engager avec les Broncos de Denver en 2023.

53 1983 2313 184 Wen Shu ou Wen chou (-), surnom : Duanrong (-) (1595-1634), est une

60 2095 2150 208 peintre chinoise originaire de Suzhou, province de Jiangsu.

47 2322 2253 175 Mala Bresnica (en serbe cyrillique : - -) est un village de Serbie

49 2449 2407 147 situé dans la municipalité de Ku-evo, district de Brani-evo. Au

49 2575 1741 123 recensement de 2011, il comptait 102 habitants.

56 2794 2094 155 William Cunningham dit Liam Cunningham est un acteur

66 2916 1896 137 irlandais, né le 2 juin 1961 à Dublin en Irlande.
