<?xml version="1.0" encoding="UTF-8"?>
<alto xmlns:xsi="http://www.w3.org/2001/XMLSchema-instance"
      xmlns="http://www.loc.gov/standards/alto/ns-v4#"
      xsi:schemaLocation="http://www.loc.gov/standards/alto/ns-v4# http://www.loc.gov/standards/alto/v4/alto-4-2.xsd">
  <Description>
    <MeasurementUnit>pixel</MeasurementUnit>
    <sourceImageInformation>
      <fileName>wikitexte_0129.jpg</fileName>
    </sourceImageInformation>
  </Description>
  <Tags>
    <OtherTag ID="BT1" LABEL="Title" DESCRIPTION="block type Title"/><OtherTag ID="BT2" LABEL="Main" DESCRIPTION="block type Main"/><OtherTag ID="BT3" LABEL="Commentary" DESCRIPTION="block type Commentary"/><OtherTag ID="BT4" LABEL="Illustration" DESCRIPTION="block type Illustration"/><OtherTag ID="BT40" LABEL="text" DESCRIPTION="block type text"/>
    <OtherTag ID="LT40" LABEL="default" DESCRIPTION="line type default"/>
  </Tags>
  <Layout>
    <Page WIDTH="2550"
          HEIGHT="3300"
          PHYSICAL_IMG_NR="0"
          ID="eSc_dummypage_">
      <PrintSpace HPOS="0"
                  VPOS="0"
                  WIDTH="2550"
                  HEIGHT="3300">
        <TextBlock HPOS="190"
                   VPOS="1"
                   WIDTH="2220"
                   HEIGHT="2079"
                   ID="eSc_textblock_e39fdb57"
                   TAGREFS="BT40">
          <Shape><Polygon POINTS="2096 1 2359 14 2388 36 2381 108 2227 146 2322 220 2271 511 2219 540 1977 555 2212 564 2241 614 2126 636 2109 672 2249 704 2256 760 2373 872 2373 973 2329 1026 2307 1142 2388 1158 2410 1274 2344 1393 2351 1626 2278 1686 2234 1802 2388 1892 2395 1970 2052 2007 2028 2036 2065 2051 1889 2080 220 2073 190 1244 212 190 249 168 1992 190 2183 161 1986 108 1994 29 2096 1"/></Shape>
          <TextLine ID="eSc_line_032e3af1"
                    TAGREFS="LT40"
                    BASELINE="1997 90 2372 85" 
                    HPOS="1991"
                    VPOS="19"
                    WIDTH="380"
                    HEIGHT="85">
            <Shape><Polygon POINTS="1994 88 1994 104 2368 99 2371 82 2365 38 2244 19 2241 19 2239 19 2178 38 2162 24 2162 22 2159 22 2156 22 2093 22 2090 22 1991 44 1994 88"/></Shape>
	    <String CONTENT="wikitexte_0129"
                    HPOS="1991"
                    VPOS="19"
                    WIDTH="380"
                    HEIGHT="85"></String>
          </TextLine>
          <TextLine ID="eSc_line_9c26b471"
                    TAGREFS="LT40"
                    BASELINE="232 254 478 251 2294 274" 
                    HPOS="223"
                    VPOS="181"
                    WIDTH="2068"
                    HEIGHT="125">
            <Shape><Polygon POINTS="223 301 2289 306 2291 272 2291 203 2228 203 2192 233 2063 233 2021 217 1856 228 1810 203 1801 203 1744 228 1647 228 1589 195 1515 195 1479 222 1345 209 1215 220 1174 192 1163 192 1078 217 1045 189 1034 189 965 211 894 189 883 189 850 214 770 192 759 192 731 217 687 217 649 184 635 184 566 214 497 214 467 187 453 187 420 209 390 181 376 181 319 206 231 181 231 253"/></Shape>
	    <String CONTENT="J&#x27;ai lu les conditions de participation et j&#x27;y consens. Je comprends que mon manuscrit"
                    HPOS="223"
                    VPOS="181"
                    WIDTH="2068"
                    HEIGHT="125"></String>
          </TextLine>
          <TextLine ID="eSc_line_0d25f08f"
                    TAGREFS="LT40"
                    BASELINE="227 368 2274 377" 
                    HPOS="226"
                    VPOS="309"
                    WIDTH="2048"
                    HEIGHT="105">
            <Shape><Polygon POINTS="226 405 2271 414 2274 377 2272 315 2150 315 2148 315 2146 315 2144 315 2091 341 2040 317 2036 315 2034 315 2032 315 2030 315 2025 317 1979 331 1953 319 1951 319 1950 319 1948 319 1929 328 1895 317 1885 315 1884 315 1882 315 1880 315 1871 317 1812 339 1779 322 1777 322 1775 322 1773 322 1733 337 1700 319 1691 315 1689 315 1687 315 1685 315 1673 319 1621 339 1586 320 1579 317 1577 317 1575 317 1574 317 1564 320 1539 331 1517 320 1500 313 1498 313 1454 311 1410 311 1408 311 1407 311 1386 322 1355 339 1330 339 1300 322 1282 313 1280 313 1278 313 1276 313 1256 322 1227 339 1164 339 1139 324 1131 320 1130 320 1075 315 1073 315 1071 315 1053 324 1025 309 1023 309 963 309 961 309 959 309 928 326 908 337 847 337 831 328 810 317 809 317 807 317 805 317 781 326 750 309 748 309 746 309 686 322 636 309 634 309 632 309 631 309 572 330 557 333 227 333 227 368"/></Shape>
	    <String CONTENT="sera anonymisé et utilisé par BAnQ pour des activités de recherche et développement et"
                    HPOS="226"
                    VPOS="309"
                    WIDTH="2048"
                    HEIGHT="105"></String>
          </TextLine>
          <TextLine ID="eSc_line_b35c3ef3"
                    TAGREFS="LT40"
                    BASELINE="223 482 2243 493" 
                    HPOS="221"
                    VPOS="416"
                    WIDTH="2022"
                    HEIGHT="125">
            <Shape><Polygon POINTS="221 500 234 509 236 509 238 509 240 509 816 524 1197 534 1235 541 1451 507 2122 518 2124 518 2241 507 2243 493 2243 452 2168 425 2166 425 2106 425 2104 425 2102 425 2069 443 2034 425 2032 425 1984 425 1983 425 1981 425 1917 451 1906 454 1876 454 1871 451 1819 423 1818 423 1816 423 1744 425 1742 425 1707 440 1618 423 1616 423 1614 423 1563 449 1559 452 1478 452 1473 449 1421 421 1419 421 1392 421 1390 421 1388 421 1337 449 1331 452 1234 452 1229 449 1168 419 1166 419 1104 419 1102 419 1100 419 1058 440 1001 419 999 419 997 419 996 419 931 440 865 418 864 418 862 418 860 418 807 447 805 447 803 447 735 418 733 418 731 418 730 418 664 445 660 447 401 447 398 445 344 416 343 416 341 416 339 416 256 445 253 445 223 445 223 482"/></Shape>
	    <String CONTENT="qu&#x27;il pourra aussi être publié et partagé sous licence CC-BY pour être utilisé"
                    HPOS="221"
                    VPOS="416"
                    WIDTH="2022"
                    HEIGHT="125"></String>
          </TextLine>
          <TextLine ID="eSc_line_d03c5c6b"
                    TAGREFS="LT40"
                    BASELINE="221 594 741 590 1190 599" 
                    HPOS="220"
                    VPOS="510"
                    WIDTH="970"
                    HEIGHT="107">
            <Shape><Polygon POINTS="220 610 1186 617 1190 599 1188 568 1135 562 1109 537 1109 535 1108 535 1106 535 1104 535 1102 535 1036 561 1021 568 913 568 897 555 893 553 891 553 889 553 887 553 886 553 884 553 884 555 882 555 869 568 829 568 678 562 664 548 651 535 651 533 649 533 625 510 596 533 594 533 592 533 590 533 590 535 579 544 570 555 550 555 528 542 515 533 513 533 511 533 510 533 508 533 506 533 506 535 498 540 476 564 445 564 418 539 412 533 412 531 410 531 409 531 361 531 359 531 357 531 355 531 350 535 311 562 266 531 264 531 262 531 221 531 221 594"/></Shape>
	    <String CONTENT="librement à des fins non commerciales."
                    HPOS="220"
                    VPOS="510"
                    WIDTH="970"
                    HEIGHT="107"></String>
          </TextLine>
          <TextLine ID="eSc_line_5d45f441"
                    TAGREFS="LT40"
                    BASELINE="227 814 2249 825" 
                    HPOS="225"
                    VPOS="735"
                    WIDTH="2024"
                    HEIGHT="108">
            <Shape><Polygon POINTS="2245 843 2249 825 2249 781 2188 749 2186 749 2184 749 2183 749 2126 779 2122 782 1968 782 1957 775 1904 746 1902 746 1900 746 1898 746 1862 766 1818 742 1816 742 1607 742 1605 742 1603 742 1574 757 1541 744 1539 744 1537 744 1535 744 1484 764 1449 779 1385 779 1353 760 1315 740 1313 740 1280 740 1278 740 1276 740 1241 758 1207 777 1120 777 1078 755 1076 755 1075 755 1073 755 1032 777 902 777 838 760 836 760 834 760 814 768 776 748 768 744 766 744 765 744 763 744 755 746 730 759 704 746 687 737 686 737 684 737 682 737 654 744 609 757 581 742 570 737 568 737 566 737 565 737 554 742 495 773 465 773 409 742 407 742 405 742 403 742 370 759 328 737 326 737 229 735 227 814 225 832"/></Shape>
	    <String CONTENT="L&#x27;Académie internationale de recherche sur la sexualité (IASR) est une société"
                    HPOS="225"
                    VPOS="735"
                    WIDTH="2024"
                    HEIGHT="108"></String>
          </TextLine>
          <TextLine ID="eSc_line_becd6751"
                    TAGREFS="LT40"
                    BASELINE="221 924 2355 935" 
                    HPOS="220"
                    VPOS="858"
                    WIDTH="2135"
                    HEIGHT="114">
            <Shape><Polygon POINTS="220 940 1004 972 1651 960 1652 960 2353 951 2355 935 2355 880 2326 865 2324 865 2214 865 2212 865 2210 865 2181 880 2173 883 2161 880 2106 865 2104 865 2102 865 2100 865 2058 880 2025 892 2001 880 1970 863 1968 863 1841 863 1840 863 1838 863 1814 874 1775 863 1773 863 1772 863 1770 863 1733 881 1707 894 1662 894 1638 881 1601 861 1599 861 1563 861 1561 861 1559 861 1517 881 1509 885 1502 881 1462 861 1460 861 1396 861 1394 861 1392 861 1350 881 1339 887 1328 881 1287 859 1286 859 1229 859 1227 859 1225 859 1181 881 1166 891 1108 891 1095 881 1067 869 1065 869 1064 869 1062 869 1034 883 1021 889 776 889 765 883 741 870 739 870 737 870 735 870 700 883 689 887 680 883 647 867 645 867 643 867 642 867 609 883 601 887 588 883 530 867 528 867 526 867 524 867 491 883 487 887 387 887 383 883 321 858 319 858 317 858 315 858 264 883 260 885 221 885 221 924"/></Shape>
	    <String CONTENT="scientifique des chercheurs en sexologie. Selon John Bancroft, directeur à la retraite"
                    HPOS="220"
                    VPOS="858"
                    WIDTH="2135"
                    HEIGHT="114"></String>
          </TextLine>
          <TextLine ID="eSc_line_0c3b6894"
                    TAGREFS="LT40"
                    BASELINE="218 1032 2287 1046" 
                    HPOS="216"
                    VPOS="964"
                    WIDTH="2071"
                    HEIGHT="126">
            <Shape><Polygon POINTS="741 1080 1570 1090 2285 1067 2287 1046 2287 1008 2210 980 2208 980 2206 980 2205 980 2129 1006 2126 1008 2071 1008 2065 1004 2034 988 2032 988 2030 988 2028 988 1981 1002 1973 1004 1968 1002 1937 986 1935 986 1933 986 1931 986 1902 1001 1895 1006 1849 1006 1834 999 1768 973 1766 973 1764 973 1762 973 1689 997 1669 1002 1656 995 1634 984 1632 984 1630 984 1629 984 1607 995 1605 995 1603 995 1561 973 1559 973 1507 971 1506 971 1504 971 1471 988 1419 973 1418 973 1416 973 1414 973 1383 990 1361 1002 1252 1002 1203 986 1152 969 1150 969 1148 969 1146 969 1115 984 1089 995 1062 982 1034 969 1032 969 1031 969 1029 969 1005 980 972 999 884 999 834 977 809 968 807 968 684 966 682 966 680 966 664 973 623 997 579 997 533 971 522 966 521 966 376 964 374 964 372 964 365 968 341 980 302 969 300 969 299 969 297 969 262 986 220 964 218 1032 216 1052"/></Shape>
	    <String CONTENT="de l&#x27;institut Kinsey, l&#x27;IASR « peut prétendre ressembler la plupart des chercheurs de"
                    HPOS="216"
                    VPOS="964"
                    WIDTH="2071"
                    HEIGHT="126"></String>
          </TextLine>
          <TextLine ID="eSc_line_a137e87e"
                    TAGREFS="LT40"
                    BASELINE="209 1151 860 1147 2236 1160" 
                    HPOS="207"
                    VPOS="1079"
                    WIDTH="2029"
                    HEIGHT="132">
            <Shape><Polygon POINTS="207 1164 234 1175 236 1175 2116 1211 2236 1160 2236 1125 2058 1123 2001 1092 1999 1092 1997 1092 1995 1092 1917 1122 1869 1122 1816 1092 1814 1092 1812 1092 1810 1092 1753 1116 1676 1089 1674 1089 1673 1089 1671 1089 1601 1120 1596 1120 1506 1120 1506 1118 1449 1089 1447 1089 1403 1089 1401 1089 1399 1089 1344 1116 1344 1118 1286 1118 1284 1116 1203 1087 1201 1087 1199 1087 1197 1087 1131 1114 1130 1116 1128 1114 1076 1085 1075 1085 1073 1085 997 1085 996 1085 994 1085 952 1107 875 1085 873 1085 724 1083 722 1083 720 1083 678 1103 658 1098 656 1098 654 1098 653 1098 627 1111 623 1114 565 1114 517 1112 511 1109 458 1081 456 1081 454 1081 453 1081 388 1100 357 1083 355 1083 354 1083 352 1083 322 1096 260 1079 258 1079 256 1079 255 1079 209 1103 209 1151"/></Shape>
	    <String CONTENT="pointe du domaine. ». L&#x27;IASR est la seule parmi les organisations de sexologie à"
                    HPOS="207"
                    VPOS="1079"
                    WIDTH="2029"
                    HEIGHT="132"></String>
          </TextLine>
          <TextLine ID="eSc_line_0fbcde86"
                    TAGREFS="LT40"
                    BASELINE="210 1257 2005 1270 2388 1263" 
                    HPOS="209"
                    VPOS="1177"
                    WIDTH="2179"
                    HEIGHT="148">
            <Shape><Polygon POINTS="834 1292 1513 1321 2019 1290 2082 1301 2108 1325 2386 1287 2388 1263 2386 1199 2306 1199 2304 1199 2302 1199 2272 1211 2245 1199 2243 1199 2157 1199 2155 1199 2153 1199 2082 1233 1906 1233 1862 1210 1860 1210 1775 1195 1748 1177 1696 1195 1695 1195 1693 1195 1621 1230 1383 1230 1273 1200 1271 1200 1269 1200 1267 1200 1208 1230 1170 1230 1076 1191 1075 1191 1025 1191 1023 1191 1021 1191 957 1222 897 1193 895 1193 893 1193 891 1193 821 1224 750 1189 748 1189 746 1189 744 1189 665 1213 594 1189 592 1189 590 1189 588 1189 489 1224 436 1224 381 1195 379 1195 377 1195 376 1195 321 1221 249 1186 247 1186 212 1186 210 1257 209 1274"/></Shape>
	    <String CONTENT="faire élire ses adhérents par les autres membres, ce qui nécessite d&#x27;avoir significativement"
                    HPOS="209"
                    VPOS="1177"
                    WIDTH="2179"
                    HEIGHT="148"></String>
          </TextLine>
          <TextLine ID="eSc_line_c146285d"
                    TAGREFS="LT40"
                    BASELINE="218 1369 2293 1382" 
                    HPOS="215"
                    VPOS="1305"
                    WIDTH="2078"
                    HEIGHT="112">
            <Shape><Polygon POINTS="215 1409 1702 1406 1704 1406 2292 1417 2293 1382 2291 1347 2256 1347 2256 1345 2199 1316 2197 1316 2164 1316 2162 1316 2161 1316 2109 1342 2069 1323 2067 1323 2065 1323 2063 1323 2001 1345 1995 1345 1944 1345 1942 1343 1885 1314 1884 1314 1810 1314 1808 1314 1807 1314 1755 1340 1702 1312 1700 1312 1665 1312 1663 1312 1662 1312 1597 1342 1436 1342 1372 1342 1308 1314 1306 1314 1304 1314 1302 1314 1252 1340 1251 1342 1139 1342 1135 1340 1080 1309 1078 1309 994 1309 992 1309 990 1309 946 1332 900 1309 898 1309 849 1309 847 1309 845 1309 788 1338 748 1338 682 1307 680 1307 678 1307 676 1307 620 1336 620 1338 587 1338 585 1336 515 1305 513 1305 511 1305 387 1325 350 1307 348 1307 346 1307 344 1307 326 1316 280 1305 278 1305 277 1305 275 1305 218 1332 218 1369"/></Shape>
	    <String CONTENT="contribué à la sexologie, notamment avoir publié au moins 10 articles ou plus. Les"
                    HPOS="215"
                    VPOS="1305"
                    WIDTH="2078"
                    HEIGHT="112"></String>
          </TextLine>
          <TextLine ID="eSc_line_cbb4e95b"
                    TAGREFS="LT40"
                    BASELINE="221 1479 2322 1490" 
                    HPOS="220"
                    VPOS="1411"
                    WIDTH="2102"
                    HEIGHT="121">
            <Shape><Polygon POINTS="220 1497 1122 1521 1727 1532 2320 1508 2322 1490 2320 1433 2247 1420 2245 1420 2243 1420 2203 1431 2173 1441 2157 1431 2133 1420 2131 1420 2129 1420 2128 1420 2089 1431 2078 1435 2071 1431 2049 1420 2047 1420 2045 1420 2043 1420 2003 1430 1935 1419 1933 1419 1931 1419 1909 1430 1874 1419 1873 1419 1871 1419 1869 1419 1840 1431 1838 1431 1764 1419 1762 1419 1761 1419 1735 1431 1726 1435 1711 1431 1667 1419 1665 1419 1663 1419 1662 1419 1636 1431 1621 1439 1594 1431 1548 1419 1546 1419 1544 1419 1542 1419 1507 1431 1489 1437 1469 1431 1419 1417 1418 1417 1416 1417 1414 1417 1394 1426 1366 1419 1364 1419 1363 1419 1361 1419 1337 1431 1324 1437 1309 1431 1297 1426 1295 1426 1293 1426 1258 1431 1225 1435 1214 1430 1201 1424 1199 1424 1197 1424 1168 1430 1148 1435 1139 1430 1111 1417 1109 1417 1067 1415 1065 1415 1064 1415 1034 1430 1023 1437 963 1437 948 1430 904 1413 902 1413 900 1413 898 1413 865 1430 858 1433 849 1430 810 1417 809 1417 807 1417 805 1417 766 1430 755 1433 748 1430 715 1413 713 1413 711 1413 709 1413 676 1430 669 1435 598 1435 587 1430 544 1411 543 1411 482 1411 480 1411 478 1411 443 1430 438 1433 355 1433 350 1430 326 1417 324 1417 322 1417 321 1417 297 1430 291 1431 221 1430 221 1479"/></Shape>
	    <String CONTENT="membres notables ont inclus Ray Blanchard, Milton Diamond, Kurt Freund, Richard"
                    HPOS="220"
                    VPOS="1411"
                    WIDTH="2102"
                    HEIGHT="121"></String>
          </TextLine>
          <TextLine ID="eSc_line_fa73222f"
                    TAGREFS="LT40"
                    BASELINE="231 1596 2335 1596" 
                    HPOS="231"
                    VPOS="1523"
                    WIDTH="2104"
                    HEIGHT="126">
            <Shape><Polygon POINTS="231 1615 366 1617 394 1631 396 1631 398 1631 399 1631 458 1617 799 1617 829 1631 831 1631 832 1631 1287 1647 2071 1649 2102 1631 2335 1615 2335 1596 2335 1551 2272 1523 2271 1523 2269 1523 2267 1523 2210 1547 2126 1523 2124 1523 2122 1523 2120 1523 2063 1551 2062 1552 1979 1552 1977 1549 1942 1532 1940 1532 1939 1532 1937 1532 1918 1541 1898 1530 1896 1530 1895 1530 1893 1530 1865 1543 1834 1529 1832 1529 1830 1529 1829 1529 1790 1549 1785 1552 1689 1552 1678 1547 1627 1530 1625 1530 1623 1530 1621 1530 1588 1547 1581 1551 1570 1547 1502 1523 1500 1523 1498 1523 1496 1523 1443 1545 1430 1552 1385 1552 1372 1545 1330 1523 1328 1523 1289 1523 1287 1523 1286 1523 1243 1545 1232 1551 1219 1545 1183 1525 1181 1525 1179 1525 1177 1525 1142 1541 1106 1523 1104 1523 1102 1523 1100 1523 1064 1540 1031 1523 1029 1523 882 1523 880 1523 878 1523 842 1541 823 1551 796 1541 741 1523 739 1523 675 1523 673 1523 671 1523 634 1540 610 1552 515 1552 491 1540 460 1523 458 1523 429 1523 427 1523 425 1523 396 1538 372 1552 335 1552 310 1538 280 1523 278 1523 277 1523 275 1523 231 1536 231 1596"/></Shape>
	    <String CONTENT="Green, Leonore Tiefer, Judith Becker, Heino F. L. Meyer-Bahlburg et Kenneth"
                    HPOS="231"
                    VPOS="1523"
                    WIDTH="2104"
                    HEIGHT="126"></String>
          </TextLine>
          <TextLine ID="eSc_line_60fe0f2c"
                    TAGREFS="LT40"
                    BASELINE="229 1701 2195 1712" 
                    HPOS="229"
                    VPOS="1631"
                    WIDTH="1966"
                    HEIGHT="136">
            <Shape><Polygon POINTS="237 1767 2195 1765 2195 1712 2194 1670 2047 1670 2040 1666 1970 1640 1968 1640 1966 1640 1964 1640 1929 1651 1887 1640 1885 1640 1884 1640 1882 1640 1843 1661 1803 1639 1801 1639 1799 1639 1797 1639 1757 1661 1728 1646 1726 1646 1724 1646 1722 1646 1696 1659 1682 1668 1553 1668 1535 1657 1517 1644 1515 1644 1513 1644 1511 1644 1509 1644 1491 1651 1452 1637 1451 1637 1342 1637 1341 1637 1339 1637 1308 1651 1286 1664 1262 1651 1249 1644 1247 1644 1245 1644 1212 1651 1197 1653 1192 1650 1166 1635 1164 1635 1163 1635 1161 1635 1108 1646 1054 1635 1053 1635 1051 1635 1027 1648 1005 1659 983 1646 977 1644 975 1644 974 1644 972 1644 966 1646 946 1657 924 1646 904 1635 902 1635 900 1635 898 1635 880 1644 854 1659 827 1644 807 1633 805 1633 803 1633 801 1633 772 1642 748 1650 722 1642 698 1633 697 1633 695 1633 693 1633 678 1640 640 1662 559 1662 511 1637 498 1631 497 1631 438 1631 436 1631 434 1631 425 1637 383 1659 335 1640 333 1640 332 1640 330 1640 313 1650 282 1633 278 1631 277 1631 275 1631 229 1631 229 1701"/></Shape>
	    <String CONTENT="Zucker. Le journal officiel de l&#x27;IASR est Archives of Sexual Behavior."
                    HPOS="229"
                    VPOS="1631"
                    WIDTH="1966"
                    HEIGHT="136"></String>
          </TextLine>
          <TextLine ID="eSc_line_b84a0812"
                    TAGREFS="LT40"
                    BASELINE="223 1928 614 1921 843 1930 2386 1943" 
                    HPOS="221"
                    VPOS="1849"
                    WIDTH="2165"
                    HEIGHT="116">
            <Shape><Polygon POINTS="2333 1901 2295 1881 2293 1881 2291 1881 2208 1897 2199 1899 2195 1897 2128 1862 2126 1862 2051 1862 2049 1862 2047 1862 1988 1892 1977 1899 1900 1899 1887 1890 1882 1886 1880 1886 1878 1886 1876 1886 1856 1890 1819 1895 1803 1888 1788 1881 1786 1881 1785 1881 1783 1881 1770 1888 1757 1893 1744 1886 1691 1860 1689 1860 1654 1860 1652 1860 1651 1860 1603 1882 1579 1895 1419 1895 1377 1877 1342 1864 1341 1864 1339 1864 1337 1864 1308 1877 1293 1882 1276 1875 1258 1868 1256 1868 1254 1868 1252 1868 1238 1875 1205 1892 1122 1882 1120 1882 1062 1890 1021 1870 1014 1866 1012 1866 1010 1866 1008 1866 1001 1870 961 1888 920 1868 891 1853 889 1853 887 1853 836 1864 816 1870 805 1864 783 1853 781 1853 715 1853 713 1853 711 1853 693 1862 669 1873 645 1860 627 1851 625 1851 460 1851 458 1851 456 1851 445 1855 383 1884 321 1853 313 1849 311 1849 310 1849 223 1849 223 1928 221 1947 1159 1963 1161 1963 1275 1956 1282 1956 1291 1956 1390 1965 1392 1965 2384 1963 2386 1943 2386 1912 2381 1901"/></Shape>
	    <String CONTENT="Willicaire (Wilicarius), est archevêque de Vienne, en Dauphiné, au VIIIe siècle."
                    HPOS="221"
                    VPOS="1849"
                    WIDTH="2165"
                    HEIGHT="116"></String>
          </TextLine>
          <TextLine ID="eSc_line_f1cd4cbd"
                    TAGREFS="LT40"
                    BASELINE="229 2038 1979 2044" 
                    HPOS="229"
                    VPOS="1954"
                    WIDTH="1751"
                    HEIGHT="164">
            <Shape><Polygon POINTS="235 2118 1980 2091 1979 2044 1977 1987 1907 1976 1906 1976 1904 1976 1880 1985 1852 1996 1829 1985 1810 1976 1808 1976 1807 1976 1805 1976 1803 1976 1790 1985 1775 1994 1761 1983 1748 1976 1746 1976 1744 1976 1704 1976 1702 1976 1700 1976 1698 1976 1687 1983 1651 2007 1608 2007 1570 1981 1568 1981 1566 1981 1485 1976 1484 1976 1482 1976 1480 1976 1473 1981 1432 2007 1397 2007 1370 2005 1330 1980 1328 1978 1326 1978 1324 1978 1280 1974 1278 1974 1276 1974 1275 1974 1267 1980 1256 1985 1221 1980 1190 1974 1188 1974 1186 1974 1185 1974 1179 1978 1148 1998 1115 1978 1113 1978 1111 1978 1109 1978 1108 1978 1106 1978 1067 2003 1027 1978 1025 1976 1023 1976 1021 1976 1020 1976 1018 1976 1016 1976 1016 1978 970 2005 814 2005 642 2003 614 1985 612 1985 610 1985 609 1985 607 1985 581 1996 515 1974 513 1974 511 1974 510 1974 508 1974 464 2003 438 2003 381 1972 379 1972 319 1972 317 1972 315 1972 313 1972 270 1954 229 1970 229 2038"/></Shape>
	    <String CONTENT="Il est considéré comme un saint de l&#x27;Église catholique, localement."
                    HPOS="229"
                    VPOS="1954"
                    WIDTH="1751"
                    HEIGHT="164"></String>
          </TextLine>
        </TextBlock>
      </PrintSpace>
    </Page>
  </Layout>
</alto>
