2550 3300
338 299 1975 113 The Seduction of Claude Debussy est un album du groupe Art

346 429 784 90 of Noise réalisé en 1999.

374 544 2060 118 Les membres du groupe à cette époque sont Trevor Horn, Anne Dudley,

333 660 820 91 Paul Morley et Lol Crème.

324 779 2026 117 Cet album est un hommage au compositeur français Claude Debussy.

300 913 2061 88 Loeiz Andouard, nom de plume de Louis Andouard, né le 16 juin 1904 à Binic

277 1014 2050 113 et mort le 14 juin 1985 à Lamballe est un écrivain français, également

288 1149 2003 94 connu sous les pseudonymes de L.F.A., Erel Keralban, Farnachanavan

324 1257 351 85 et Abherhel.

297 1375 1873 107 Le vicomte Charles du Bus de Warnaffe (Bruxelles, 16 septembre 1894-

273 1496 2078 102 Bruxelles 23 octobre 1965) est un homme politique belge membre du Parti

275 1608 2005 113 catholique puis du Parti social chrétien (PSC). Il a été ministre dans

2186 1725 173 58 guerres

280 1743 2080 91 plusieurs gouvernements belges au cours de la période de l'entre-deux-><

264 1859 1081 88 et après la Seconde Guerre mondiale.

1933 64 510 69 wikitexte_0258
