2550 3300
253 165 574 100 wikitexte_0049

240 367 1947 155 J'ai lu les conditions de participation et j'y consens. Je

229 515 2021 113 comprends que mon manuscrit sera anonymisé et utilisé par

227 621 2077 123 BAnQ pour des activités de recherche et développement et qu'il

242 737 2019 110 pourra aussi être publié et partagé sous licence CC-BY pour

242 849 1782 144 être utilisé librement à des fins non commerciales.

229 1072 2058 126 Duane W. Rimel, né le 21 février 1915 à Asotin, Washington,

239 1185 1835 125 et mort le 30 septembre 1996 à Bainbridge Island,

247 1298 1953 133 Washington, est un poète et un auteur américain de

247 1416 2048 131 roman fantastique, de science-fiction et de roman policier.

236 1531 1838 164 Il a signé une œuvre du pseudonyme Rex Weldon.

236 1746 1778 131 Konstantin Zhiltsov est un copilote russe de rallye

260 1860 1466 107 automobile né le 6 avril 1965 à Moscou.

236 2079 1964 121 Les Variations pour orchestre (allemand Variationen für

258 2202 1986 113 Orchestrer) opus 31 sont un cycle de neuf variations sur

242 2312 1898 131 un thème original avec introduction et finale d'Arnold

266 2409 2003 144 Schönberg. Composées entre 1926 et 1928, elles sont créées

253 2535 1975 118 le 2 décembre 1928 par l'Orchestre philharmonique

242 2651 1796 134 de Berlin dirigé par Wilhelm Furtwängler.

266 2876 2006 159 A *New* Program for Graphic Design est un ouvrage

1554 143 726 123 wikitexte_0049 1/2
