2550 3300
125 294 2141 203 J'ai lu les conditions de participation et j'y

150 452 1972 157 consens. Je comprends que mon manuscrit sera

155 564 2231 150 anonymisé et utilisé par BAnQ pour des activités

152 677 2221 160 de recherche et développement et qu'il pourra aussi

170 798 2191 164 être publié et partagé sous licence CC-BY pour

181 881 2272 158 être utilisé librement à des fins non commerciales.

169 1019 2170 174 Proszkowa est une localité polonaise de la

222 1155 2237 164 gmina et du powiat de Wo-ów en voïvodie

192 1252 932 137 de Basse-Silésie.

182 1390 2167 126 Fabian Obmann, né le 11 avril 1996, est un snow -

154 1507 2085 161 boardeur autrichien, spécialiste du slalom parallèle.

154 1624 2222 169 Le Derby Italien est une course hippique de plat se

172 1728 2023 208 déroulant au mois de mai sur l'Hippodrome de

179 1865 1288 164 Capannelle, à Rome (Italie).

196 1991 2245 148 C'est une course de Groupe 2 (Groupe 2 jusqu'en 2008)

209 2134 1359 97 réservée aux chevaux de 3 ans.

174 2214 2341 165 Elle s'est courue sur la distance de 2 400 mètres jusqu'en

141 2333 2359 136 2007, et désormais sur 2 200 mètres. L'allocation est d'environ

156 2450 2352 220 700 000 €. Stabna (en serbe cyrillique >< : -) est un village

150 2566 2240 181 de l'ouest du Monténégro, dans la municipalité de Plu-ine.

137 2694 2388 127 Axelle Carolyn, née en 1979 à Bruxelles, est une cinéaste

157 2827 2354 169 et journaliste Belge. Olamaboro est une zone de gouvernement

139 2928 1748 203 local de l'État de Kogi au Nigeria.

1610 100 679 99 wikitexte_0030
