2550 3300
1847 77 686 117 wikitexte_0065

176 239 2206 234 J'ai lu les conditions de participation et j'y consens.

173 406 2177 156 Je comprends que mon manuscrit sera anonymisé et

207 520 2146 136 utilisé par BAnQ pour des activités de recherche

249 637 2195 146 et développement et qu'il pourra aussi être publié

212 766 2231 135 et partagé sous licence CC-BY pour être utilisé

221 898 1560 171 librement à des fins non commerciales.

212 1085 1963 161 L'avenue de Waha est une rue bruxelloise de la

209 1240 1042 181 commune d'Auderghem.

159 1423 2209 215 Josef Stefan, en slovène Jo-ef Stefan, (24 mars 1835,

216 1566 2194 183 Sveti Peter, Autriche-Hongrie - 7 janvier 1893 à Vienne) est

225 1709 1901 142 un physicien et mathématicien austro-hongrois ,

209 1837 2096 186 carinthien de langue maternelle slovène et, de plus,

220 1963 294 107 poète.

170 2154 2115 185 Jean-Baptiste Denis est un médecin français, né vers

210 2314 2094 126 1635 et mort en 1704, connu principalement pour

214 2447 2139 143 ses expériences de transfusion de sang animal à

220 2549 379 113 l'homme.

212 2770 2182 167 Leeroy ou Leeroy Kesiah ou Leeroy Tanaka, de son vrai nom

209 2875 2153 175 Khalid Dehbi, né le 23 janvier 1978 à Bagneux (Hauts-

217 3019 2113 140 de-Seine), est un chanteur et rappeur, producteur,
