2550 3300
1717 221 655 99 WIKITEXTE_0113

280 330 1937 152 J'ai lu les conditions de participation et j'y consens. Je

243 436 2178 177 comprends que mon manuscrit sera anonymisé et utilisé par

249 549 2053 171 BAnQ pour des activités de recherche et développement et

251 660 2077 179 qu'il pourra aussi être publié et partagé sous licence

258 799 2161 149 CC-BY pour être utilisé librement à des fins non commerciales.

253 914 2093 151 Ken Hirano (- -, Hirano Ken), né le 30 octobre 1907 à Kyoto et

255 1029 2122 151 mort le 3 avril 1978, est un écrivain et critique littéraire

266 1179 396 118 japonais.

256 1263 2128 128 Le Club Baloncesto Lucentum Alicante, est un ancien club

249 1374 2145 158 espagnol de basket-ball basé à Alicante. Le club, au terme

236 1514 1992 152 de la saison 2011-2012, quitte la Liga ACB, la première

242 1614 2212 165 division du championnat espagnol, en raison de problèmes financiers.

243 1729 2139 167 Au mois d'août 2015 le club est déclaré en faillite et dissout. La

247 1838 1908 156 Fundación Lucentum Baloncesto, créé deux mois avant cette

247 1967 2134 181 banqueroute, perpétue désormais la pratique du basket-ball dans

247 2091 413 112 la ville.

260 2189 2040 183 La 1er édition du Grand Prix Side a eu lieu le 11 mars 2018. Elle fait

262 2325 2045 155 partie du calendrier UCI Europe Tour 2018 en catégorie 1.2. La course est

243 2436 2149 167 remportée par le Kazakh Stepan Astafyev (Lokosphinx) avec un

244 2548 1953 147 temps de 4 h 16 min 23 s. Il s'impose au sprint devant ses

242 2679 2197 150 compagnons d'échappée Samir Jabrayilov, Branislau Samoilau,

240 2774 1532 146 Cristian Raileanu et Oleksandr Polivoda.
