2550 3300
1838 361 634 102 wikitexte_0008

11 429 2526 162 J'ai lu les conditions de participation et j'y consens. Je comprends que m

2 580 2531 93 manuscrit sera anonymisé et utilisé par BAnQ pour des activités de recherc

14 668 2438 143 et développement et qu'il pourra aussi être publié et partagé sous licence

14 769 2341 131 CC-BY pour être utilisé librement à des fins non commerciales.

19 964 1260 130 A'ana est un district des Samoa.

16 1076 778 117 Portail des Samoa

16 1174 2534 149 Tiourkuy est une commune située dans le département de Doumbala de l

0 1307 1292 98 province de Kossi au Burkina Faso.

13 1395 2428 119 Baeocera monstrosa est une espèce de coléoptères de la famille des

25 1506 2121 133 Staphylinidae et de la sous-famille des Scaphidiinae.

35 1617 2501 110 The Ultimate Vampire (-, Jiang shi zhi zun) est une comédie d'horreu

11 1692 2485 156 hongkongaise réalisée par Andrew Lau et sortie en 1991 à Hong

22 1802 2496 165 Kong. C'est un film dérivé de Mr. Vampire (1985) avec toujours

24 1908 1824 165 am Ching-ying dans le rôle du prêtre taoïste.

32 2106 2127 162 Elle totalise 6 631 216 HK$ de recettes à Hong Kong.

29 2337 2319 131 En 1956, les championnats de Belgique d'athlétisme toutes

27 2447 2506 121 catégories hommes et femmes se sont tenus les 4 et 5 août au

33 2538 1158 136 stade du Heysel à Bruxelles.

47 2751 2446 137 Marc Crousillat (né le 17 janvier 1960 à Marseille et mort le

33 2858 2478 131 22 janvier 2022 dans la même ville) est un joueur français

23 2953 2134 131 de water-polo en activité dans les années 1980.
