2550 3300
272 226 2214 164 Texte 1- Référence du texte : wikitexte_0200

282 432 2016 213 J'ai lu les conditions de participation et

251 602 2026 202 j'y consens. Je comprends que mon

295 738 1904 101 manuscrit sera anonymisé et utilisé

291 839 2136 118 par BAnQ pour des activités de recherche

297 958 1942 158 et développement et qu'il pourra

271 1076 1794 181 aussi être publié et partagé sous

261 1160 1758 135 licence CC-BY pour être utilisé

269 1263 2107 142 librement à des fins non commerciales.

269 1464 2225 230 La Shira (en gaélique écossais Siara / Abhainn

264 1617 1697 123 Siara), est une rivière d'Écosse.

278 1770 1927 184 L'Union sportive Nemours Saint-Pierre

247 1947 2085 121 (USNSP) est un club omnisports situé à

256 2047 2123 161 Saint Pierre les Nemours. L'union sportive

253 2148 2134 137 de Nemours St Pierre, créée le 6 mai 1945,

262 2289 2144 162 est l'une des plus vielles associations sportives

260 2382 2227 192 du sud Seine et Marne et regroupe 10 sections

258 2459 2159 168 sportives, avec un effectif de 1000 licenciés

255 2623 1887 129 et elle est présidée actuellement par

275 2711 976 146 M. Hochart John.
