2550 3300
1753 240 525 102 Wikitexte_0184

277 300 2058 222 J'ai lu les conditions de participation et j'y consens. Je

297 429 1950 221 comprends que mon manuscrit sera anonymisé et

285 561 2030 145 utilisé par BAnQ pour des activités de recherche

275 674 2012 173 et développement et qu'il pourra aussi être ><

289 761 1980 230 publié et partagé sous licence CC-BY pour être

304 882 2020 221 utilisé librement à des fins non commerciales.

302 1078 1793 257 En nomenclature botanique et mycologique, un nom

260 1225 1926 198 sanctionné est un nom de taxon qui n'a pas été

286 1355 1994 171 validement décrit ou publié par son auteur,

277 1463 1997 186 mais néanmoins adopté et validé par le CIN,

277 1558 1891 226 à condition qu'il figure dans l'un des deux

304 1686 1642 225 ouvrages dits « sanctionnants » :

280 1905 1923 212 Synopsis Methodica Fungorum 1801, de Persoon,

283 2005 2151 226 pour les >< Gastéromycètes, Urédinales ><

324 2147 1752 220 (rouilles) et Ustilaginales (charbons) ;

250 2337 2000 255 Systema Mycologicum 1821-1832, de Fries, pour tous les

275 2485 1941 214 autres champignons, myxomycètes exclus.

293 2679 1886 164 (36764) 2000 RH83 est un astéroïde de la ceinture

291 2836 1934 158 principale d'astéroïdes de 5,820 >< km de diamètre

300 2916 835 149 découvert en 2000.
