2550 3300
1643 16 615 83 wikitexte_0026

82 123 2399 124 J'ai lu les conditions de participation et j'y consens. Je comprends

77 231 2313 101 que mon manuscrit sera anonymisé et utilisé par BAnQ

80 326 2213 93 pour des activités de recherche et développement et

88 412 2263 127 qu'il pourra aussi être publié et partagé sous licence

80 517 2141 119 CC-BY pour être utilisé librement à des fins non

78 632 604 62 commerciales.

78 768 2327 113 El Tesoro est une ville et une station balnéaire de

93 863 2349 96 l'Uruguay située dans le département de Maldonado. Sa

91 964 1468 104 population est de 781 habitants.

80 1111 2090 121 Saints Cyrus et Jean ( italien : Ciro e Giovanni ; arabe

85 1188 2379 162 (Ab-k-r wa-Y-ann-) morts c.-304 ou 311 apr. J.-C., sont vénérés

77 1284 2244 137 comme martyrs. Ils sont particulièrement vénérés par

88 1364 2228 151 l'Église copte et surnommés les non-mercenaires

71 1454 2170 146 miraculeux  thaumatourgoi anargyroi) parce qu'ils

71 1529 1860 159 guérissaient gratuitement les malades.

66 1703 2342 157 Leur fête conjointe est célébrée par les Coptes le sixième

69 1804 2427 141 jour de Tobi, correspondant au 31 janvier, jour également

71 1886 2135 140 observé par l'Église orthodoxe orientale ; ils sont

66 1980 2395 154 commémorés à, la même date dans le martyrologe

66 2076 2442 126 romain. L'Eglise orthodoxe orientale célèbre également

71 2168 2418 125 la découverte et translation de leurs reliques le 28 juin.

52 2299 2445 165 Tahir Musa Ceylan (né en 1956 à Çanakkale, Turquie)

53 2431 998 88 est un écrivain turc.
