2192 2964
250 376 1872 161 Heinrich Linck (né à Danzig en 1638 et mort

232 473 1950 136 à Leipig en 1717) est un pharmacien et collec-

228 586 1819 134 tionneur allemand, fondateur du cabinet

227 639 1882 171 de curiosités de la famille Linck à Leipsig.

223 791 1965 150 L'ensemble de bâtiments : tribunal, assemblée muni

222 923 1948 135 cipale et poste à Petrovac na Mlavi (en serbe

227 1025 1946 95 cyrillique : - -: -, - - - - - - - - ; en serbe latin :

223 1107 1945 119 Kompleks zgrada: sud, skup-tina op-tine i

206 1188 1964 121 po-ta u >< Petrovcu na Mlavi) se trouve à

219 1256 1948 118 Petrovac na Mlavi, dans le district de Blani

235 1325 1742 133 -evo, en Serbie. Il est inscrit sur la liste

214 1440 1978 119 des monuments culturels protégés de la Républi

163 1523 1628 172 que de Serbie (identifiant no SK 617).

204 1692 1978 112 Esmeralda est une telenovela mexicaine diffu-

205 1784 1624 116 sée en 1997 sur Canal de las Estrellas.

174 1943 1817 129 Morgenbladet est un journal hebdomadaire

186 2040 1943 160 norvégien, fondé en 1819 par Niels Wulfsberg.

189 2162 1978 166 Il était le premier quotidien du pays, et même

225 2294 1914 133 le premier journal de Norvège durant une

210 2369 1878 168 époque. Sa parution s'est arrêtée au cours

217 2468 1751 102 de la Seconde Guerre mondiale. En 1993,

227 2532 1935 137 le journal est racheté par Truls Lie et devient

227 2636 667 125 hebdomadaire.
