2550 3216
155 407 2039 125 J'ai lu les conditions de participation et j'y

166 502 2048 131 consens. Je comprends que mon manuscrit

166 583 2117 141 sera anonymisé et utilisé par BAnQ pour des

166 700 2101 93 activités de recherche et développement et

157 796 2005 128 qu'il pourra aussi être publié et partagé

173 884 2203 111 sous licence CC-BY pour être utilisé librement

171 963 1462 116 à des fins non commerciales.

144 1160 2082 125 Vincent Thill, né le 4 février 2000 à Luxembourg

135 1257 2059 116 est un footballeur international luxembourgeois

115 1345 2177 135 jouant au poste de milieu offensif à Sabah FK.

96 1525 2223 125 Issu d'une famille de footballeurs, ses parents Serge

101 1624 2261 115 et Nathalie Thill (lb) sont d'anciens internationaux

101 1725 2218 126 luxembourgeois, tout comme ses frères Olivier et

75 1818 478 99 Sébastien.

73 2002 2451 169 Il est représenté par Meïssa N'diaye (société Sport Cover).

80 2189 2424 118 La tessère de Mafdet (désignation internationale : Mafdet Tessera)

72 2294 2292 116 est un terrain polygonal situé sur Vénus dans le

64 2374 2292 126 quadrangle de Mead. Il a été nommé en référence à

75 2483 2287 146 Mafdet, déesse égyptienne de l'autorité judiciaire  des

91 2575 493 94 exécutions.

85 2756 2223 99 Le Grand Prix automobile des États-Unis est un

87 2851 2325 102 événement sportif de course automobile de Formule 1

85 2931 2344 144 qui a eu lieu aux États-Unis pour la première fois

60 3048 493 96 en 1908.

1542 221 620 95 wikitexte_0247
