2550 3300
392 274 1952 134 Antoine II de Toulouse-Lautrec (vers 1442 - 1541)

377 430 1809 92 est vicomte de Lautrec, de 1490 à sa mort.

396 544 1997 136 Il est aussi chevalier, baron de Labruguière,

412 642 1857 166 du Puy-Saint-Pierre et de Castayrac, ainsi

407 792 1761 124 que seigneur de Montfa, du Verdier et de

410 892 343 103 Londres.

431 1134 1827 124 Lenard William Lakofka dit Len Lakofka ou

449 1255 1737 143 Lenard W. Lakofka (né le 10 janvier 1944 à

447 1373 1842 146 Chicago (Illinois) et mort le 23 octobre 2020

440 1468 1882 128 à Palm Desert (Californie)) est un concepteur

412 1618 1798 131 de jeux et auteur américain, surtout connu

442 1736 1561 108 pour sa participation au jeu de rôle>s<

460 1851 1785 110 Donjons et Dragons et pour ses activités

456 1966 1796 99 « diplomatiques » dans les années 1960 et

440 2081 222 105 1970.

456 2321 1956 119 Bien qu'il n'ait jamais fait partie de l'équipe

453 2442 1799 107 de TSR, la maison d’édition qui a publié

443 2564 1952 109 Donjons et Dragons, il est l'une des personnes

473 2678 1877 116 qui a le plus influencé le développement

475 2794 694 140 original du jeu.
