2550 3300
121 207 2245 139 J'ai lu les conditions de participation et j'y consens. Je

130 372 2269 86 comprends que mon manuscrit sera anonymisé et

119 474 2363 103 utilisé par BAnQ pour des activités de recherche et

122 597 2328 103 développement et qu'il pourra aussi être publié

126 706 2300 116 et partagé sous licence CC-BY pour être utilisé

119 832 1906 95 librement à des fins non commerciales.

82 912 2426 135 Dominique Lecourt, né le 5 février 1944 à Paris

97 1061 2405 86 et mort le 1er mai 2022 dans la même ville, est

82 1158 2283 140 un philosophe et éditeur français. Professeur

56 1294 2308 103 émérite à l’université Paris Diderot-Paris 7, il

64 1417 2436 130 appartient à la tradition de l'épistémologie française

60 1534 2374 118 qui va de Bachelard à Cavaillès, à Canguilhem et

63 1662 440 89 Foucault.

38 1762 2294 119 Jacques de Fromont, né en >1979< 1895 à Alençon,

22 1883 2354 119 mort en 1979, est un officier et navigateur français ,

25 2005 2372 108 capitaine au long cours, inspecteur général de la

14 2113 2466 129 Compagnie générale transatlantique et écrivain Joseph

23 2240 2424 110 Albert Hollingsworth III, dit Trey Hollingsworth, né le 12

27 2352 2502 113 septembre 1983 à Clinton (Tennessee), est un homme politique

22 2471 2471 108 américain. Membre du Parti républicain, il est élu à la

18 2583 2381 121 Chambre des représentants des Etats-Unis dans l'Indiana

23 2715 2440 110 lors des élections de 2016, succédant à Todd Young, élu

18 2832 2265 88 au Sénat des États-Unis. Thiant est une commune

34 2948 2407 108 française située dans le département du Nord, e

44 3078 1058 102 région Hauts-de-France

2005 3 451 92 wikitexte_0154
