2550 3300
1933 52 594 104 wikitexte_0253

322 154 2053 122 J'ai lu les conditions de participation et j'y consens.

313 242 2059 140 Je comprends que mon manuscrit sera anonymisé et

308 335 2023 90 utilisé par BAnQ pour des activités de recherche et

308 434 2111 105 développement et qu'il pourra aussi être publié et partagé

306 491 2124 126 sous licence CC-BY pour être utilisé librement à des

299 612 1018 129 fins non commerciales.

286 761 2163 144 Stéphane Héaume, né à Paris le 27 mars 1971, est un

280 876 2181 132 romancier français. Il écrit également des textes pour

288 978 2223 155 des compositeurs de musique classique. Après plusieurs

277 1067 1889 158 années passées en Afrique et à New York, il vit

273 1156 1774 163 aujourd'hui entre Paris et Trouville-sur-Mer.

302 1353 2183 141 Il est le petit-fils de l'architecte Arthur-Georges Héaume

284 1441 2045 130 qui, après 1945, a travaillé avec Auguste Perret à la

277 1531 1548 126 reconstruction de la ville du Havre.

302 1714 1985 126 L'amore ritorna est un film italien réalisé par

273 1802 2176 128 Sergio Rubini, sorti en 2004, avec Rubini, Fabrizio

284 1927 2146 120 Bentivoglio, Margherita Buy et Giovanna Mezzogiorno

286 2038 1003 96 dans les rôles principaux.

286 2203 2216 140 Les Petits Platons est une maison d'édition française

284 2308 2071 104 indépendante publiant des livres de philosophie pour

278 2372 2242 137 enfants et adultes créée en 2009 par Jean Paul Mongin.

293 2532 2233 146 La 3e étape du Tour de France 2008 s'est déroulée

269 2655 1868 164 le 7 juillet. Le parcours de 208 km reliait

275 2769 1081 110 Saint-Malo à Nantes.

289 2900 2152 165 Steven Downs, né le 8 septembre 1975 à Auckland, est

262 3070 1475 114 un joueur néo-zélandais de tennis.
