2550 3300
1808 31 474 68 wikitexte_0022

93 137 2209 116 J'ai lu les conditions de participation et j'y consens. Je comprends que mon manuscrit

104 231 2214 126 sera anonymisé et utilisé par BAnQ pour des activités de recherche et développement et qu'il

97 339 2218 102 pourra aussi être publié et partagé sous licence CC-BY pour être utilisé librement à des

95 456 591 61 fins non commerciales.

91 594 2180 104 Vallereuil est une commune française située dans le département de la Dordogne, en

93 702 727 86 région Nouvelle-Aquitaine.

88 826 2225 118 (35098) 1991 GB7 est un objet de la ceinture principale d'astéroïdes extérieure de

99 953 1170 71 10,551 km de diamètre découvert en 1991.

84 1076 2152 95 Francis Hastings Doyle, né le 21 août 1810 à Tadcaster, Yorkshire et mort le 8 juin

91 1167 2064 94 1888 à Londres, 2e >< baronnet, est un avocat, poète et professeur anglais.

73 1299 2242 118 Porrex Ier est un roi légendaire de l’île de Bretagne (actuelle Grande-Bretagne), dont

78 1395 2134 93 l’« histoire » est rapportée par Geoffroy de Monmouth dans son Historia regum

75 1492 1614 77 Britanniae (vers 1135). Il est le fils de Gorbodugo et de Judon.

66 1644 2318 84 Armen Lubin, ou Chahan Chahnour, de son vrai nom Chahnour Kerestedjian, né le 3 août

66 1725 2271 71 1903 à Üsküdar (district de Constantinople) et mort le 20 août 1974 à Saint-Raphaël,

67 1805 2110 79 est un écrivain et poète français d’origine arménienne. Il fut régent du Collège de

71 1877 411 86 'Pataphysique.

44 2020 2128 93 Cet article présente les faits marquants de l'année 2008 concernant le jeu vidéo.
