2550 3300
234 256 1664 137 J'ai lu les conditions de participation et j'y consens.

233 363 1854 140 Je comprends que mon manuscrit sera anonymisé et

242 473 1766 137 utilisé par BAnQ pour des activités de recherche et

244 591 1777 158 développement et qu'il pourra aussi être publié

239 704 1769 170 et partagé sous licence CC-BY pour être utilisé

243 830 1508 154 librement à des fins non commerciales.

253 1028 1895 146 Pierre Chêne est un auteur-compositeur-interprète,

280 1177 1268 171 conteur et ventriloque français.

297 1391 1934 132 Las visitaciones del diablo est un film mexicain

297 1490 1972 151 d'Alberto Isaac sorti en 1968. Il s'agit du deuxième

302 1606 1879 191 film du réalisateur après En este pueblo no hay

308 1751 698 116 ladrones (1965).

321 1938 1898 157 Le sénat Ahlhaus (en allemand : Senat Ahlhaus)

299 2065 1978 193 est le gouvernement de la ville-Land allemande

305 2169 2088 175 de Hambourg entre le 25 août 2010 et le 7 mars 2011,

299 2288 2077 173 durant la dix-neuvième législature du Bürgerschaft.

305 2521 2066 149 La saison BAA 1948-1949 est la 3e (et dernière) saison

294 2625 1940 176 de la Basketball Association of America, qui

302 2739 1807 180 deviendra plus tard la National Basketball

324 2854 2022 157 Association (NBA). La saison se termine sur la

346 2972 1887 180 victoire des Lakers de Minneapolis lors des

2006 34 426 87 wikitexte_0188
