2550 3300
1423 161 565 112 wikitexte_0038

280 272 1915 137 J'ai lu les conditions de participation et j'y consens.

335 401 1882 110 Je comprends que mon manuscrit sera anonymisé

346 500 1697 116 et utilisé par BAnQ pour des activités de

363 610 1845 110 recherche et développement et qu'il pourra aussi

305 723 1967 124 être publié et partagé sous licence CC-BY pour

313 830 1986 116 être utilisé librement à des fins non commerciales.

335 1045 1953 118 La vis Robertson, ou vis carree, est une vis à tête

288 1177 1956 101 fraisée et à encoche carrée. Bien que présente

302 1276 1983 129 principalement au Canada, elle peut être trouvée

315 1391 341 97 ailleurs

332 1493 1975 115 Lampropholis caligula est une espèce de sauriens

308 1611 1273 110 de la famille des Scincidae.

302 1718 1912 124 Cartes est une commune espagnole située dans

297 1828 1741 116 la communauté autonome de Cantabrie.

280 1941 1920 116 Tankougounadié est une commune située dans le

302 2051 1909 118 département de Tankougounadié, dans la province

335 2167 1914 122 du Yagha, région du Sahel, au Burkina Faso.

324 2279 1956 105 Andeville est une commune française située dans

349 2384 2060 121 le département de l'Oise, en région Hauts-de-France.

332 2494 1637 113 Ses habitants sont appelés les Andevilliens.

313 2593 1846 135 Cet article présente la liste des telenovelas et

332 2719 1923 127 séries de atv (Turquie) par année de 1993

357 2832 682 107 à aujourd'hui.
