2550 3300
1614 170 559 96 wikitexte_0277

304 302 1923 97 J'ai lu les conditions de participation et j'y consens.

291 412 1915 91 Je comprends que mon manuscrit sera anonymisé

302 518 1833 88 et utilisé par BAnQ pour des activités de recherche

294 624 1859 91 et développement et qu'il pourra aussi être publié

297 731 1653 91 et partagé sous licence CC-BY pour être utilisé

297 847 1419 88 librement à des fins non commerciales.

297 946 1826 104 Wade Crosby, né le 22 août 1905 à Cedar Rapids

295 1057 1882 98 (Iowa) et mort le 2 octobre 1975 à Newport Beach

294 1171 1436 105 (Californie), est un acteur américain.

299 1281 1766 91 Chichiriviche est une localité de l'État de

308 1398 1900 94 Falcón au Venezuela, chef-lieu de la municipalité

305 1501 1881 118 de Monseñor Iturriza. Petit village de pêcheurs,

291 1628 1827 88 le site permet d'accéder aux lieux touristiques

288 1747 1929 86 voisins, notamment pour la plongée sous-marine et

286 1848 1966 96 le parc national Morrocoy. En 2000, sa population

299 1947 938 101 s'élève à 5 185 habitants.

321 2076 1959 88 Les résédas sont des plantes herbacées à fleurs généralement

313 2192 1915 92 odorantes, appartenant au genre Reseda de la famille

310 2296 606 93 des Résédacées.

308 2409 2016 96 Ce genre comprend une cinquantaine d'espèces annuelles,

306 2520 1873 92 bisannuelles ou vivaces, originaires d'Afrique du Nord,

319 2631 1116 94 d'Europe et d'Asie occidentale.

324 2739 1986 104 Étymologiquement, « réséda » vient du latin « resedare »,

316 2854 1782 102 signifiant « calmer », en référence aux propriétés

294 2964 1502 83 médicinales attribuées à certaines éspèces.
