2550 3300
1944 58 508 86 wikitexte_0006

64 155 2317 98 J'ai lu les conditions de participation et j'y consens. Je comprends que mon manuscrit

73 251 2159 86 sera anonymisé et utilisé par >< BAnQ pour des activités de recherche et

66 337 2346 114 développement et qu'il pourra aussi être publié et partagé sous licence CC-BY pour

75 447 1497 84 être utilisé librement à des fins non commerciales.

66 608 2357 119 Älvsered est un village et paroisse en Falkenberg, Halland, Suède. Le village se situe

69 707 2178 125 à côté de la rivière Högvads-n. En 2018 sa population est de 441 habitants.

69 801 2207 121 Ludwig Merker (1er septembre 1894 à Künzelsau - 14 mars 1964 à Tübingen) est un

84 894 2242 114 Generalleutnant allemand au sein de la Heer dans la Wehrmacht pendant la

86 1013 796 92 Seconde Guerre mondiale.

80 1079 2376 114 Il a été récipiendaire de la Croix de chevalier de la croix de fer. Cette décoration

84 1188 2297 100 est attribuée en reconnaissance d'un acte d'une extrême bravoure ou d'un succès

82 1283 1680 103 de commandement important du point de vue militaire.

80 1373 1882 101 Hra- est un village de Slovaquie situé dans la région de Ko-ice.

84 1466 2229 105 Le Cratérope bicolore (Turdoides bicolor, ou Cratopus bicolor) est une espèce de

89 1551 2237 113 passereaux appartenant à la famille des Leiothrichidae. Cette espèce niche

86 1644 2348 121 dans les savanes sèches de >< l'Afrique du Sud, du Botswana, de la Namibie

88 1754 919 84 et du >< Zimbabwe

84 1829 2423 114 Andrzej Wierci-ski, né le 21 novembre >< 1995  à Varsovie, est un pianiste polonais.
