2550 3300
1770 192 482 83 wikitexte_0087

255 305 2028 109 J'ai lu les conditions de participation et j'y consens. Je

272 431 2002 100 comprends que mon texte sera anonymisé et utilisé par

269 550 2113 103 BAnQ pour des activités de recherche et développement

277 665 2108 115 et qu'il pourra aussi être publié et partagé sous licence

283 789 1835 85 CC-BY pour être utilisé librement à des fins non

272 924 478 66 commerciales.

264 1138 1631 114 HOME est le premier single d'Angela Aki.

272 1240 1961 116 Alphonse Layaz, né en 1940, est un artiste peintre,

255 1383 1403 77 homme de radio et écrivain vaudois.

264 1462 2046 140 François Antoine Willig est un homme politique français

264 1608 2046 91 né le 2 mai 1774 à Hattstatt (Haut-Rhin) et décédé le

266 1721 1312 96 15 avril 1835 à Colmar (Haut-Rhin).

261 1837 2115 123 Juge de paix à Herbitzheim, il est député du Haut-Rhin de

269 1966 2225 112 1815 à 1816, siégeant dans la majorité de la Chambre introuvable.

255 2084 2110 98 Le Grand Azerbaïdjan (azéri : Bütöv Az-rbaycan) est un

283 2208 2143 95 concept nationaliste azéri prônant l'union politique des territoires

242 2321 2010 109 peuplés d'Azéris ou ayant été historiquement rattachés à

253 2433 470 105 l'Azerbaïdjan.

269 2560 2011 88 Souvenirs, Souvenirs, adaptation française, par Fernand Bonifay

258 2678 2008 106 du titre Souvenirs de Cy Coben (en), est une chanson

249 2794 2056 103 interprétée par Johnny Hallyday et Rita Cadillac en 1960.

247 2909 1948 115 Titre phare du deuxième disque de Johnny Hallyday,

264 3033 1802 120 Souvenirs, souvenirs est son premier grand succès.
