2550 3300
58 25 718 90 wikitexte_0249

321 266 2033 135 Le 34e district congressionnel de Californie

324 401 1854 110 est un district de l'État de Californie.

319 511 1906 125 Situé dans le comté de Los Angeles, le

365 627 1923 107 district est représenté par le démocrate

376 734 652 137 Jimmy Gomez.

379 847 1926 123 Le quartier se trouve presque entièrement

360 959 1972 110 dans la ville de Los Angeles et comprend les

346 1078 1970 99 quartiers suivants de Central, East et

371 1174 1854 132 Northeast Los Angeles : Boyle Heights,

376 1295 1852 110 Chinatown, City Terrace, Cypress Park,

374 1408 1788 115 Downtown Los Angeles, Eagle Rock, El

365 1518 1670 110 Sereno, Garvanza, Glassell Park,

319 1614 2054 137 Highland Park, Koreatown, Little Bangladesh,

371 1729 1862 119 Little Tokyo, Lincoln Heights, Montecito

330 1848 1950 121 Heights, Monterey Hills, Mount Washington

382 1966 693 104 et Westlake.

324 2070 1887 132 Sávvas Angelídis (en grec moderne : - -),

321 2191 2019 102 né le 26 janvier 1974 à Nicosie, est un

338 2296 1224 135 homme politique chypriote.

299 2412 2056 108 Les Championnats du monde de patinage de vitesse

308 2535 2018 105 sur piste courte 1999 à Sofia en Bulgarie.

297 2629 1845 123 Geórgios Stréit (en grec moderne : - -)

332 2736 1871 124 (Patras 1868 - Athènes 1948) était un

374 2854 1953 127 juriste, homme politique et diplomate grec.
