2550 3300
423 159 1513 169 Reference du texte: wikitexte_0031

244 382 2022 167 J'ai lu les conditions de participation et j'y

236 502 2077 156 consens. Je comprends que mon manuscrit sera

239 621 1909 144 anonymisé et utilisé par BAnQ pour des

238 720 2148 154 activités de recherche et développement et qu'il

238 845 2014 152 pourra aussi être publié et partagé sous

253 931 2068 162 licence CC-BY pour être utilisé librement à

240 1050 1231 154 des fins non commerciales.

260 1281 1992 164 99 Francs (parfois typographié 99 F) est un

236 1393 2016 142 roman à succès provocateur d'inspiration

240 1503 2152 175 autobiographique de Frédéric Beigbeder, publié

227 1616 2023 163 en 2000, qui dénonce les dérapages ciniques

220 1724 1997 142 du monde de la publicité dans la société

231 1828 1942 116 occidentale de consommation. Il a valu

234 1933 2128 155 notamment à son auteur d'être renvoyé de son

231 2050 2019 171 entreprise (Young & Rubicam), pour faute

221 2152 2158 185 grave. Le roman a également été réédité avec

220 2295 2108 93 les sous-titres 14,99 euro (ou 14,99 €) ou 5,90

227 2379 827 112 Euros (ou 5,90 €).

238 2583 2128 139 The Guardian Brothers (ou Little Door Gods ;

232 2715 2099 145 en chinois : -) est un film d'animation comédie/

232 2841 2022 157 fantastique chinois de 2015 réalisé et écrit
