2550 3300
93 35 124 143 1

280 269 2049 184 J'ai lu les conditions de participation et j'y consens.

269 408 2053 153 Je comprends que mon manuscrit sera anonymisé

249 533 2106 107 et utilisé par BAnQ pour des activités de recherche

251 645 2080 108 et développement et qu'il pourra aussi être publié

238 760 1935 122 et partagé sous licence CC-BY pour être utilisé

234 880 1637 86 librement à des fins non commerciales.

278 977 2015 102 Libice nad Doubravou (en allemand : Libitz an der

229 1101 2051 140 Doubrawa) est un bourg (m-stys) du district de

266 1213 2054 110 Havlí-k-v Brod, dans la région de Vyso-ina, en

242 1323 2100 108 Tchéquie. Sa population s'élevait à 870 habitants

229 1457 447 72 en 2020.

238 1556 2157 110 Magnya Carta (-, magunyakaruta) est le second album

231 1673 2047 92 réalisé par An Cafe le 29 novembre 2006. Un DVD

234 1798 930 127 accompagne l'album.

242 1893 2093 101 Richard Tucker (né le 4 juin 1884 à New York, dans

232 2007 2037 95 l'État de New York et mort le 5 décembre 1942 à

223 2124 2073 118 Los Angeles, en Californie) est un acteur américain.

229 2236 1992 92 Christian Taillefer, né le 29 août 1970, est un

232 2355 1883 112 coureur cycliste, pionnier dans la descente VTT,

223 2456 2125 143 également connu pour ses records de vitesse sur neige.

227 2575 2044 94 Ymmo (- 30 octobre 984) fut abbé du monastère

225 2689 1598 90 bénédictin de Saint-Gall de 976 à 984.

236 2799 2132 94 Herveo est une ville et une municipalité de Colombie

221 2918 2275 101 située dans le département de Tolima, au centre du pays.

1878 44 560 95 wikitexte_0172
