2550 3300
110 282 2208 106 J'ai lu les conditions de participation et

93 385 2366 140 j'y consens. Je comprends que mon manuscrit

104 529 2214 125 sera anonymisé et utilisé par BAnQ pour

88 645 2333 115 des activités de recherche et développement

115 761 2324 143 et qu'il pourra aussi être publié et partagé

121 896 1997 105 sous licence CC-BY pour être utilisé

113 1013 2297 107 librement à des fins non commerciales.

124 1241 2169 108 Une libellule pour chaque mort (Una

100 1353 2228 111 libélula para cada muerto) est un

121 1472 1946 115 giallo espagnol<> réalisé par León

121 1578 2052 138 Klimovsky, sorti en 1974. Scaphiella

110 1719 2111 114 scutiventris est une espèce d'araignées

104 1806 2401 143 aranéomorphes de la famille des Oonopidae .

113 1945 2264 134 William Moore Gorman, né à Kesh (comté de

110 2075 2151 121 Fermanagh) le 17 juin 1923 et mort le

104 2179 2339 129 12 janvier 2003 à Oxford, est un économiste

89 2284 2255 136 irlandais. Il est notamment connu pour

79 2365 2303 178 ses travaux de recherche sur ><

75 2478 2335 199 l'agrégation et la séparabilité des biens,

82 2590 2337 178 et pour la « forme de Gorman » que doit

71 2689 2149 213 prendre toute fonction d'utilité agrégée

78 2810 2250 167 pour que la « loi de la demande » reste

93 2917 644 99 décroissante .

1634 58 816 129 wikitexte_0292

2364 3113 74 89 1-
