2550 3300
1898 249 589 97 wikitexte_0054

316 374 1945 119 J'ai lu les conditions de participation et j'y

305 477 1921 147 consens. Je comprends que mon manuscrit sera

291 614 2139 120 anonymisé et utilisé par BAnQ pour des activités de

288 728 2094 123 recherche et développement et qu'il pourra aussi

280 847 2005 118 être publié et partagé sous licence CC-BY pour être

255 950 1821 108 utilisé librement à des fins non commerciales.

286 1190 2102 122 L'Établissement scolaire Saint-Joseph (maternelle, école

264 1317 1966 114 et collège) est un établissement privé d'enseignement

258 1435 2144 109 catholique sous contrat d'association avec l'État situé

258 1551 1037 93 à Cholet en Maine-et-Loire.

253 1779 1958 116 Adrien Figueiredo, né le 22 juin 1984 à Saint-Palais

258 1908 2151 105 (Pyrénées-Atlantiques), est un joueur de rugby à XV

266 2029 2143 97 et à sept français qui évolue au poste d'ailier (1,86 m

264 2145 514 123 pour 85 kg).

243 2351 2140 135 Jibbs feat. Jibbs est le premier album studio de Jibbs,

249 2504 899 81 sorti le 24 octobre 2006.

261 2730 2131 120 L'opus contient des featurings de Chamillionaire, Fabo,

264 2843 2151 113 D4L, J Valentine, Melody Thornton et The Pussycat Dolls.

262 3076 2036 138 L'album s'est classé 8e au Top R&B/Hip-Hop Albums
