2550 3300
401 305 1769 124 Repentigny est une ville de 88088 habitants du

401 425 1760 104 Québec (Canada), située dans la municipalité

403 522 1836 125 régionale de comté (MRC) de L'Assomption dans

394 636 1838 102 la région administrative de Lanaudière. Sise à

405 737 1734 102 l'embouchure de la rivière l'Assomption, cette

401 834 1745 119 ville est la 13e ville par l'importance de sa

398 955 906 106 population au Québec.

403 1140 1730 115 Bobo Bidon (ou Estomac en péril au Québec)

387 1245 1879 119 (Tummy Trouble) est un court métrage d'animation

399 1358 1626 117 ayant pour héros le lapin Roger Rabbit.

398 1515 1849 151 Le court-métrage a été réalisé par les studios

398 1673 1825 98 Disney après les premiers succès du film Qui

398 1765 1649 121 veut la peau de Roger Rabbit (1988) et

388 1875 1894 103 diffusé en avant-première d'autres productions

390 1974 1602 119 de Disney. Deux autres courts-métrages

407 2079 1876 128 similaires ont été produits Lapin Looping (1990)

393 2186 1499 124 et Panique au Pique-Nique (1993).

394 2387 1765 110 Gabriel Adenis est un notaire et un homme

398 2495 1895 119 politique français, né le 31 mai 1879 au Grand-

390 2587 1785 132 Bourg (Creuse) et décédé le 18 février 1941

385 2715 743 99 au Grand-Bourg.

393 2893 1843 140 Niebla est un film espagnol réalisé par Benito

1841 78 523 90 wikitexte_0139
