2550 3300
250 233 2159 124 J'ai lu les conditions de participation et j'y consens. Je

260 355 2174 114 comprends que mon manuscrit sera anonymisé et utilisé par

267 480 2152 123 BAnQ pour des activités de recherche et développement et qu'il

273 597 2121 94 pourra aussi être publié et partagé sous licence CC-BY pour

264 704 1832 93 être utilisé librement à des fins non commerciales.

258 927 2178 101 Le val de Jéret est une vallée de la chaîne de montagnes

269 1021 2079 108 des Pyrénées située administrativement dans la commune

273 1132 2097 112 de Cauterets en Lavedan, dans le département français

278 1272 758 88 des Hautes-Pyrénées.

273 1503 2073 90 Alistair Bruce MacGregor (né en 1978 ou 1979 à Victoria

284 1611 2139 101 en Colombie-Britannique) est un homme politique canadien.

293 1721 2055 97 Membre du Nouveau Parti démocratique, il est élu dans

284 1848 2122 99 la circonscription de Cowichan-Malahat-Langford durant

286 1959 2137 85 les élections fédérales de 2015. Cette circonscription est alors

286 2068 1911 86 nouvellement créée. La version précédente du district,

289 2179 2035 79 Nanaimo-Cowichan, était auparavant représentée par le

275 2289 2076 120 néo-démocrate Jean Crowder. MacGregor était assistant

271 2405 978 107 politique avant son élection.

280 2588 2088 134 Alekseï Vladimirovitch Gloukhov - en russe : - - - (Aleksej Vladimirovi-

277 2739 2085 102 Gluhov) et en anglais : Alexei Glukhov - (né le 5 avril 1984 à

288 2837 2166 137 Voskressensk en République socialiste fédérative soviétique de Russie)

275 2970 1968 126 est un joueur professionnel russe de hockey sur glace. Il évolue

280 3078 800 93 au poste d'attaquant.

1759 20 622 93 wikitexte_0202
