2550 3300
1794 20 570 68 wikitexte_0233

238 168 2134 127 Le château de la Barbottière est un manoir situé

236 280 2141 128 dans la commune d'Ahuillé, sur la route de Laval

234 407 853 119 à Cossé-le-Vivien.

255 551 2117 153 Johannes Karl Gu-jonsson, aussi appelé  Gudjonsson,

251 631 2137 166 est un ancien footballeur international islandais né le

236 755 2192 137 25 mai 1980 à Akranes. Il évoluait au poste de milieu

229 867 2040 161 de terrain. Il est désormais entraîneur de football.

225 1019 2167 152 Il a deux frères, Bjarni et Tordur, qui sont également

240 1140 2243 142 joueurs internationaux. Les 3 frères ont joué ensemble

236 1227 2090 185 à Genk lors de la saison 1998-1999. Leur père,

210 1357 2286 203 Gu-jon -or-arson, était également joueur internatio-

238 1493 358 98 nal.

227 1582 2205 193 Liam Highfield est un joueur de snooker anglais né

223 1730 1578 101 le 1er décembre 1990 à Swindon.

212 1822 2180 128 Laurent Viérin, né le 7 août 1975 à Aoste, est

216 1943 2238 181 un homme politique italien, originaire de la Vallée

231 2084 2234 141 d'Aoste. Son expérience politique est liée à l'Union

225 2200 2268 115 valdôtaine, parti autonomiste de la Vallée d'Aoste.

231 2284 2251 199 Il est président de la région du 13 octobre 2017 au

247 2434 657 149 27 juin 2018.
