2550 3300
2051 42 458 69 WIKITEXTE_0276

231 152 2117 119 J'ai lu les conditions de participation et j'y consens. Je comprends

222 266 2154 116 que mon manuscrit sera anonymisé et utilisé par BAnQ pour des

234 375 2125 116 activités de recherche et développement et qu'il pourra aussi être

244 484 2118 129 publié et partagé sous licence CC-BY pour être utilisé librement

242 619 1066 88 à des fins non commerciales.

236 823 2154 139 Masaya Honda (- -, Honda Masaya) est un footballeur japonais

253 955 2203 108 né le 20 novembre 1973. Il évoluait au poste de milieu de terrain.

258 1168 2217 119 Bharathan est un réalisateur indien tournant ses films en tamoul.

233 1405 1995 121 La sergenterie Maufras est une ancienne circonscription

249 1523 2082 117 administrative de la Manche. Elle ressortissait à l'élection de

266 1630 2140 146 Coutances, qui faisait elle-même partie de la généralité de Caen.

289 1875 1044 119 Elle comprenait 13 paroisses :

294 1977 399 121 Cametours

321 2097 398 115 Carantilly

328 2207 292 119 Cenilly

335 2335 259 118 Cerisy

338 2447 335 107 Contrières

354 2568 319 84 Gouville

343 2662 517 99 Montpinchon

344 2783 1286 122 Notre-Dame-de->Cery<>Cerry< Cenilly

354 2911 2016 134 Quesney, ancienne paroisse puis commune, aujourd'hui
