2550 3300
79 319 2228 137 J'ai lu les conditions de participation et j'y consens. Je

69 485 2178 116 comprends que mon manuscrit sera anonymisé

53 619 2264 116 et utilisé par BAnQ pour des activités de recherche

49 750 2426 138 et développement et qu'il pourra aussi être publié

35 874 2228 160 et partagé sous licence CC-BY pour être utilisé

38 1034 2124 123 librement à des fins >< non commerciales .

38 1207 2344 157 Wilm Hosenfeld, né le 2 mai 1985 à Hünfeld dans la

55 1358 2365 146 province de Hesse-Nassau et mort le 13 août 1952 à

55 1512 2126 130 Stalingrad en URSS, est un officier allemand

34 1653 2352 149 (capitaine) de la >Wech< Wehrmacht au cours de

34 1789 2334 174 la seconde Guerre mondiale. Il est surtout connu

41 1911 2349 234 à travers l'autobiographie du pianiste polonais

41 2051 2387 267 W-adys-aw Szpilman (Das wunderbare Überleben, ><

25 2209 2387 240 adaptée au cinéma par Roman Polanski sous le

46 2340 2358 253 titre Le Pianiste), qu'il avait secouru à Varsovie

38 2493 2194 220 après la destruction du >gettho< ghetto. Il est

49 2637 2080 195 reconnu « Juste parmi les nations » en 2009.

35 2871 2195 156 Postville (Inuit : Qipuqqaq) est une communauté

66 3003 2277 184 côtière inuite non incorporée de 177 habitants en

60 3115 248 130 2016.

1870 38 633 102 wikitexte_0024
