2550 3507
358 288 1819 103 Texte 2 - Référence du texte: wikitexte_0003

350 391 1800 127 J'ai lu les conditions de participation et j'y

335 516 1836 99 consens. Je comprends que mon manuscrit

347 603 1750 118 sera anonymisé et utilisé par BAnQ

348 705 1817 107 pour des activités de recherche et dévelop-

345 806 1844 119 pement et qu'il pourra aussi être publié

348 907 1843 111 et partagé sous licence CC-BY pour être

354 1005 1751 107 librement à des fins non commerciales.

354 1102 1761 135 Le Ñ, ñ, egne, ou eñe tilde (en espagnol

352 1209 1882 119 la eñe, nom féminin) est une consonne

341 1320 1766 113 utilisée en aragonais, asturien, basque

333 1424 2039 142 breton, espagnol, galicien, guarani, hassanya

350 1525 1749 111 karone, tagalog, wamey, wolof, etc.

331 1622 1967 123 En espagnol, il est utilise pour representer

323 1724 1794 109 un son palatal nasal dont le symbole

321 1817 2014 133 dans l'alphabet phonétique international est

343 1934 1906 132 [-] (comme le français - gn -). Il est

323 2037 1924 115 aussi utilise dans le digramme - ñg - de

339 2123 1768 127 l’alphabet des langues d’Angola.

360 2222 1805 135 Jean-Pierre Buffi est un architecte

358 2343 1749 98 franco-italien né a Florence en 1937.

358 2437 1837 115 La Fédération de football du Burundi

365 2539 1772 121 (FFB) est une association regroupant

360 2641 1759 106 les clubs de football du Burundi et

347 2749 1953 120 organisant les compétitions nationales et

345 2846 1871 121 les matchs internationaux de la sé-

380 2971 1080 113 lection du Burundi.

2286 109 72 93 1
