2550 3300
480 394 1803 119 Les Clefs de la maison (Le chiavi di casa)

548 484 1642 111 est un film franco-germano-italien réalisé

517 572 1389 88 par Gianni Amelio, sorti en 2004.

429 716 2042 139 Librement adapté du livre autobiographique Nés deux fois

381 804 1882 114 (it) de Giuseppe Pontiggia, le film a été présente en

423 898 1457 139 compétition à la Mostra de Venise 2004.

429 1059 2036 92 Kamienica nad Nys- -u-yck- (prononciation : [kamj-nit-sa -

425 1137 1800 117 nad -n-s- wu-t-sk-]) est un village polonais de la

465 1206 1690 119 gmina de Trzebiel dans le powiat de -ary de la

511 1298 1662 134 voïvodie de Lubusz dans l'ouest de la Pologne.

420 1468 1990 133 Le village comptait approximativement une population

418 1565 895 79 de 110 habitants en 2006.

445 1694 2075 130 Reece Lyne, né le 2 décembre 1992 à Kingston-upon-Hull

410 1792 1923 142 (Angleterre), est un joueur de rugby à XIII anglais

420 1878 2033 110 évoluant au poste d'arrière, d'ailier ou de centre dans les

421 1972 1817 98 années 2010. Il fait ses débuts professionnels en

445 2051 1901 119 Super League à Hull FC en 2010. Ne parvenant pas

482 2134 1902 140 à s'y imposer, il rejoint en 2013 Wakefield. En 2018,

427 2211 2049 124 il est appelé en équipe d'Angleterre par Wayne Bennett.

1656 150 637 84 WIKITEXTE 0242
