2550 3300
167 299 2140 124 J'ai lu les conditions de participation et j'y

181 419 2115 103 consens. Je comprends que mon manuscrit

168 520 2200 131 sera anonymisé et utilisé par BAnQ pour des

163 614 2170 97 activités de recherche et développement et qu'il

174 723 2214 102 pourra aussi être publié et partagé sous licence

198 825 2087 97 CC-BY pour être utilisé librement à des fins

190 936 907 79 non commerciales.

198 1048 2208 105 F-rat Çelik (né le 25 mars 1981 à Ostfildern

176 1145 2199 90 en Allemagne) est un acteur turc de cinéma, de

192 1215 1290 102 télévision et de théâtre.

194 1342 2225 100 K'uk 'Bahlam I (30 mars 397-435) également

176 1427 2269 102 connu sous le nom de Kuk et Bahlum K'uk'

179 1501 2130 132 était le fondateur de la dynastie d'ajaw

177 1587 2312 134 régnant sur la ville maya de Palenque et en

177 1655 2222 134 est le premier ajaw. Il fonda la dynastie

179 1732 2068 99 le 10 mars 431. Son successeur était Casper.

176 1834 2291 115 La villa La Jetée (ou château >< Bugeau), bâtie en 1903,

174 1925 2311 108 est construite face au Port Nord, son portail d'entrée

179 2011 2200 88 architecturé est situé au 3 boulevard de la

181 2087 1494 96 Jetée à Fouras, en France.

166 2196 2334 108 Mohammad Ezodin Hosseini Zanjani, en persan

176 2263 2255 126 - - - - - (né le 1er février 1921 et décédé le

189 2343 2294 137 14 mai 2013) est un Marja-e taqlid chiite

196 2458 1289 99 duodécimain iranien.

199 2570 2158 152 Il est le représentant du Guide de la

205 2665 2212 153 Révolution à Zandjan lors de la prière

236 2766 1720 102 du vendredi de 1979 à 1982.

1724 89 660 114 wikitexte_0028
