2550 3300
1651 350 502 104 wikitexte_009

359 449 1915 142 J'ai lu les conditions de participation et j'y consens.

359 564 2108 132 Je comprends que mon manuscrit sera anonymisé et utilisé par

374 660 2138 140 BAnQ pour des activités de recherche et développement et qu'il

376 767 2104 149 pourra aussi être publié et partagé sous licence CC-BY pour

374 866 1728 122 être utilisé librement à des fins non commerciales.

366 977 2105 129 Arturo Bragaglia (né le 7 janvier 1893 à Frosinone, dans le

366 1079 2112 139 Latium et mort à Rome le 21 janvier 1962) est un acteur ital

370 1191 407 115 >Le mariage<

365 1276 2009 136 Le mariage transnational ou mariage international est un

376 1386 2047 133 mariage entre deux individus de >différentes< nationalités

368 1492 1459 147 différentes. Il est généralement exegame.

379 1686 2084 151 Le Belmonte est une boisson alcoolisée à base de café, typique

372 1802 2089 152 de la région de Murcie, en Espagne, et souvent intégrée à sa

383 1915 741 113 gastronomie locale.

370 2103 2108 138 Le Sky Open 2013 est l'édition 2013 du tournoi de squash

363 2213 2093 124 Sky Open, qui est un tournoi PSA World Series appartenant à la

361 2317 2088 121 catégorie International 50 et avec une dotation de 50 000 $.

366 2415 2105 107 Le tournoi se déroule au Caire  du 7 au 12 novembre 2013.

383 2623 1946 150 Mohamed El Shorbagy l'emporte en finale face à Karim

370 2740 316 83 Darwish.

365 2932 2078 136 Abner Pastoll est un réalisateur britannique né le 12 février

368 3045 907 127 1982 à Johannesbourg.
