2550 3300
255 401 2022 143 Austroplebeia est un genre d'abeilles sans dard

242 528 2005 170 (tribu des Meliponini) de la famille des Apidae .

264 771 2120 143 Le mont de Gourze est un sommet du plateau

253 902 2002 126 suisse. Culminant à 926 mètres d'altitude, il

260 1026 1059 103 domine le lac Léman .

300 1243 1974 126 Tawashri (en népalais : -) est un comité de

291 1361 2011 140 développement villageois du Népal situé dans

297 1497 1968 118 le district d'Udayapur. Au recensement de

313 1606 1535 136 2011, il comptait 5 750 habitants.

319 1826 2032 159 Yeni Atito Ngbakoto, né le 23 janvier 1992 à Croix,

288 1958 2129 140 est un footballeur franco-congolais et international

302 2081 1994 154 congolais qui évolue actuellement au poste de

302 2200 1227 167 milieu offensif au Vejle BK.

253 2414 2126 171 Il était international chez les jeunes français (il

258 2560 2074 151 est capé chez les U-17 et les U-18). Ngbakoto joue

275 2680 2161 128 principalement au poste de milieu offensif, mais

289 2799 2094 136 il peut dépanner au poste d'attaquant. Il est

262 2935 1816 150 connu pour sa vitesse et sa technique.

1865 181 541 103 Wikitexte_0259
