2550 3300
199 203 1064 125 Nom de référence : wikitexte_0295

198 393 2145 162 J'ai lu les conditions de participation et j'y consens. Je comprends

200 500 2140 149 que mon manuscrit sera anonymisé et utilisé par BAnQ pour

198 591 2178 157 des activités de recherche et développement et qu'il pourra aussi

198 679 1955 157 être publié et partagé sous licence CC-BY pour être utilisé

200 772 1290 135 librement à des fins non commerciales .

203 962 2134 160 Robert i Bertrand (littéralement « Robert et Bertrand ») est un film

211 1067 2099 148 polonais, d'après une nouvelle de Johann Nestroy, réalisé par

223 1156 1286 129 Mieczys-aw Krawicz, et sorti en 1938.

195 1336 2107 162 Évangéline Deusse est une pièce écrite par l'acadienne Antonine

195 1438 2118 157 Maillet en 1975,,,. L'auteure s'est inspirée du poême Evangéline

203 1531 1230 132 de l'américain Henry W. Longfellow.

185 1721 2110 154 Le personnage principal est l'acadienne Évangéline. Les trois

179 1824 2046 146 autres personnages sont le Breton, le Stop et le Rabbin. Le

196 1915 2157 154 Breton est originaire de la France. L'histoire se passe dans un parc

189 1999 2091 162 à Montréal. La pièce a été présentée au Théâtre du Rideau vert

179 2099 519 91 en 1976 et 1977.

183 2293 2062 145 Hubert Fauntleroy Julian est un pionnier de l'aviation né le 20

192 2387 2183 157 septembre 1897 à Port-d'Espagne (Trinité) et mort le 19 février 1983

168 2484 415 88 à New York.

177 2665 2114 152 Paul Scheffer (né le 11 octobre 1883 à Kaldau/Ko-dowo, province

181 2758 2228 173 de Prusse-Occidentale, et mort le 20 février 1963 à White River Junction,

199 2852 1723 149 Vermont) est un philosophe et journaliste allemand .
