<?xml version="1.0" encoding="UTF-8"?>
<alto xmlns:xsi="http://www.w3.org/2001/XMLSchema-instance"
      xmlns="http://www.loc.gov/standards/alto/ns-v4#"
      xsi:schemaLocation="http://www.loc.gov/standards/alto/ns-v4# http://www.loc.gov/standards/alto/v4/alto-4-2.xsd">
  <Description>
    <MeasurementUnit>pixel</MeasurementUnit>
    <sourceImageInformation>
      <fileName>wikitexte_0178.jpg</fileName>
    </sourceImageInformation>
  </Description>
  <Tags>
    <OtherTag ID="BT1" LABEL="Title" DESCRIPTION="block type Title"/><OtherTag ID="BT2" LABEL="Main" DESCRIPTION="block type Main"/><OtherTag ID="BT3" LABEL="Commentary" DESCRIPTION="block type Commentary"/><OtherTag ID="BT4" LABEL="Illustration" DESCRIPTION="block type Illustration"/><OtherTag ID="BT179" LABEL="text" DESCRIPTION="block type text"/>
    <OtherTag ID="LT179" LABEL="default" DESCRIPTION="line type default"/>
  </Tags>
  <Layout>
    <Page WIDTH="2550"
          HEIGHT="3300"
          PHYSICAL_IMG_NR="0"
          ID="eSc_dummypage_">
      <PrintSpace HPOS="0"
                  VPOS="0"
                  WIDTH="2550"
                  HEIGHT="3300">
        <TextBlock HPOS="205"
                   VPOS="22"
                   WIDTH="2343"
                   HEIGHT="3276"
                   ID="eSc_textblock_7491b3e5"
                   TAGREFS="BT179">
          <Shape><Polygon POINTS="2109 22 2315 22 2366 58 2359 130 2302 137 2300 166 2366 220 2381 278 2381 768 2278 804 1950 826 1933 848 1986 872 2359 878 1950 885 1434 936 1671 990 2168 997 2322 1026 2381 1070 2373 1303 2395 1354 2278 1437 2344 1472 2287 1457 2183 1488 2366 1532 2381 1596 2228 1626 2263 1648 2212 1677 2300 1714 2175 1743 2373 1782 2461 1892 2461 1963 2373 1992 1992 1992 2344 2009 2373 2053 2395 2178 2388 2674 1698 2748 1911 2764 1751 2799 1706 2830 1729 2845 2249 2874 2250 2911 2381 2933 2427 3021 2513 3043 2548 3087 2520 3246 2439 3270 2520 3298 220 3298 205 1745 234 1657 205 1518 234 1430 212 1376 205 506 227 227 264 205 1552 205 1713 168 1729 36 2109 22"/></Shape>
          <TextLine ID="eSc_line_3f57e0cd"
                    TAGREFS="LT179"
                    BASELINE="1720 102 2339 97" 
                    HPOS="1718"
                    VPOS="34"
                    WIDTH="621"
                    HEIGHT="85">
            <Shape><Polygon POINTS="1718 80 1720 102 1720 119 2339 119 2339 97 2335 40 2173 34 2172 34 2170 34 2168 34 2168 36 2157 45 2146 58 2076 58 2058 49 2040 42 2038 42 2036 42 1981 51 1926 36 1924 36 1922 36 1920 36 1918 36 1895 56 1889 60 1880 56 1838 40 1836 40 1834 40 1726 60 1718 80"/></Shape>
	    <String CONTENT="wikitexte_0178"
                    HPOS="1718"
                    VPOS="34"
                    WIDTH="621"
                    HEIGHT="85"></String>
          </TextLine>
          <TextLine ID="eSc_line_1b2e423f"
                    TAGREFS="LT179"
                    BASELINE="251 284 2272 284" 
                    HPOS="251"
                    VPOS="218"
                    WIDTH="2021"
                    HEIGHT="119">
            <Shape><Polygon POINTS="251 298 284 311 286 311 288 311 372 302 555 311 1911 337 2272 302 2272 284 2272 238 2227 218 2225 218 2170 218 2168 218 2166 218 2106 240 2102 242 1873 242 1867 238 1829 218 1827 218 1825 218 1759 231 1724 218 1722 218 1720 218 1718 218 1662 238 1652 242 1553 242 1546 236 1509 220 1507 220 1506 220 1504 220 1471 236 1463 242 1342 242 1333 236 1309 225 1308 225 1306 225 1304 225 1275 236 1262 240 1247 236 1208 225 1207 225 1205 225 1157 236 1139 240 1131 236 1098 218 1097 218 1062 218 1060 218 1058 218 1025 236 1014 242 908 242 895 234 858 218 856 218 772 218 770 218 768 218 737 234 726 240 691 234 667 231 665 231 643 234 607 240 590 234 548 218 546 218 544 218 484 231 401 218 399 218 398 218 368 232 339 218 337 218 277 218 275 218 273 218 251 229 251 284"/></Shape>
	    <String CONTENT="J&#x27;ai lu les conditions de participation et j&#x27;y consens. Je"
                    HPOS="251"
                    VPOS="218"
                    WIDTH="2021"
                    HEIGHT="119"></String>
          </TextLine>
          <TextLine ID="eSc_line_31516c6b"
                    TAGREFS="LT179"
                    BASELINE="255 396 2258 399" 
                    HPOS="253"
                    VPOS="344"
                    WIDTH="2005"
                    HEIGHT="120">
            <Shape><Polygon POINTS="253 416 420 429 421 429 544 419 643 432 708 464 770 434 770 432 840 418 1797 418 1845 434 1847 434 1885 455 2256 416 2258 399 2256 346 2170 346 2168 346 2166 346 2137 363 2087 363 2056 346 2054 346 2052 346 2051 346 2038 346 1887 361 1762 352 1761 352 1759 352 1739 363 1496 363 1474 350 1467 346 1465 346 1463 346 1414 350 1317 361 658 361 643 355 612 344 610 344 609 344 458 355 453 355 449 355 280 344 278 344 277 344 255 355 255 396"/></Shape>
	    <String CONTENT="comprends que mon manuscrit sera anonymisé et"
                    HPOS="253"
                    VPOS="344"
                    WIDTH="2005"
                    HEIGHT="120"></String>
          </TextLine>
          <TextLine ID="eSc_line_54976490"
                    TAGREFS="LT179"
                    BASELINE="296 523 2292 524" 
                    HPOS="294"
                    VPOS="448"
                    WIDTH="1997"
                    HEIGHT="96">
            <Shape><Polygon POINTS="294 522 294 544 2291 544 2291 473 2222 451 2211 451 2184 473 2123 473 2096 448 1953 473 1903 448 1895 448 1845 473 1771 448 1518 475 1446 475 1391 448 1383 448 1342 475 1108 475 1078 448 1004 448 968 473 940 448 814 448 783 475 574 475 544 448 533 448 478 462 360 448 294 470 294 522"/></Shape>
	    <String CONTENT="utilisé par BAnQ pour des activités de recherche"
                    HPOS="294"
                    VPOS="448"
                    WIDTH="1997"
                    HEIGHT="96"></String>
          </TextLine>
          <TextLine ID="eSc_line_76e6bfaf"
                    TAGREFS="LT179"
                    BASELINE="286 635 2243 641" 
                    HPOS="275"
                    VPOS="566"
                    WIDTH="1976"
                    HEIGHT="126">
            <Shape><Polygon POINTS="275 692 2251 687 2241 594 2192 572 2008 591 1920 572 1848 572 1826 591 1658 591 1642 574 1628 574 1603 591 1314 591 1314 588 1292 572 1292 569 1097 588 1086 588 1050 569 1042 569 965 588 940 566 932 566 841 588 662 588 662 585 638 566 459 566 398 585 349 566 341 566 283 583 283 632"/></Shape>
	    <String CONTENT="et développement et qu&#x27;il pourra aussi être publié"
                    HPOS="275"
                    VPOS="566"
                    WIDTH="1976"
                    HEIGHT="126"></String>
          </TextLine>
          <TextLine ID="eSc_line_c873568f"
                    TAGREFS="LT179"
                    BASELINE="274 759 2016 753 2304 759" 
                    HPOS="269"
                    VPOS="684"
                    WIDTH="2033"
                    HEIGHT="122">
            <Shape><Polygon POINTS="270 806 2299 778 2302 759 2299 704 2195 684 2192 684 2087 701 1870 684 1867 684 1865 684 1862 684 1840 704 1639 704 1600 687 1598 687 1595 687 1158 704 990 687 987 687 984 687 929 706 519 690 517 690 396 706 335 690 332 690 330 690 327 690 269 709 272 759"/></Shape>
	    <String CONTENT="et partagé sous &gt;&lt; licence CC-BY pour être utilisé"
                    HPOS="269"
                    VPOS="684"
                    WIDTH="2033"
                    HEIGHT="122"></String>
          </TextLine>
          <TextLine ID="eSc_line_164ea030"
                    TAGREFS="LT179"
                    BASELINE="290 877 1873 872" 
                    HPOS="288"
                    VPOS="803"
                    WIDTH="1582"
                    HEIGHT="96">
            <Shape><Polygon POINTS="288 874 288 899 1867 899 1870 871 1867 830 1777 803 1768 803 1697 827 1661 814 1435 827 1413 827 1339 814 1290 827 1270 814 1257 814 1243 830 1108 830 1061 827 1039 803 957 803 932 827 850 803 841 803 761 830 668 830 640 803 629 803 563 825 544 825 385 803 288 803 288 874"/></Shape>
	    <String CONTENT="librement à des fins non commerciales."
                    HPOS="288"
                    VPOS="803"
                    WIDTH="1582"
                    HEIGHT="96"></String>
          </TextLine>
          <TextLine ID="eSc_line_3450415b"
                    TAGREFS="LT179"
                    BASELINE="264 1111 959 1105 2300 1105" 
                    HPOS="258"
                    VPOS="1031"
                    WIDTH="2041"
                    HEIGHT="104">
            <Shape><Polygon POINTS="261 1111 261 1135 2296 1135 2299 1102 2294 1039 2214 1058 1936 1058 1700 1031 1650 1056 1567 1031 1556 1031 1526 1056 1496 1031 1485 1031 1430 1053 1309 1034 1276 1061 1177 1061 1141 1039 1141 1036 1130 1036 1059 1061 715 1061 646 1034 638 1034 585 1050 566 1034 555 1034 511 1050 456 1034 258 1036 261 1111"/></Shape>
	    <String CONTENT="L&#x27;Isloch (en russe : «-») ou Islach (en biélorusse : «-»)"
                    HPOS="258"
                    VPOS="1031"
                    WIDTH="2041"
                    HEIGHT="104"></String>
          </TextLine>
          <TextLine ID="eSc_line_a10a33c0"
                    TAGREFS="LT179"
                    BASELINE="245 1228 2332 1232" 
                    HPOS="244"
                    VPOS="1155"
                    WIDTH="2085"
                    HEIGHT="96">
            <Shape><Polygon POINTS="244 1226 244 1251 2327 1251 2329 1232 2327 1166 1870 1179 1804 1157 1796 1157 1752 1179 1727 1157 1647 1157 1617 1182 1372 1182 1345 1157 1232 1177 1204 1155 1193 1155 1160 1171 1097 1155 1086 1155 1061 1177 993 1160 984 1160 929 1177 858 1155 847 1155 822 1177 772 1163 717 1177 690 1155 577 1155 541 1179 396 1179 390 1174 338 1155 244 1174 244 1226"/></Shape>
	    <String CONTENT="est un club de football biélorusse fondé en 2007 et"
                    HPOS="244"
                    VPOS="1155"
                    WIDTH="2085"
                    HEIGHT="96"></String>
          </TextLine>
          <TextLine ID="eSc_line_6e05781f"
                    TAGREFS="LT179"
                    BASELINE="240 1343 2016 1347" 
                    HPOS="240"
                    VPOS="1281"
                    WIDTH="1776"
                    HEIGHT="86">
            <Shape><Polygon POINTS="240 1343 240 1367 2014 1365 2016 1347 2016 1305 1953 1283 1951 1283 1950 1283 1840 1298 1803 1283 1801 1283 1748 1283 1746 1283 1744 1283 1742 1283 1713 1301 1709 1303 1706 1301 1660 1283 1658 1283 1656 1283 1654 1283 1599 1301 1588 1303 1530 1299 1407 1292 1405 1292 1375 1298 1353 1303 1346 1298 1322 1283 1320 1283 1319 1283 1317 1283 1315 1283 1273 1298 1265 1299 1256 1298 1219 1285 1218 1285 1216 1285 1214 1285 1212 1285 1194 1296 1190 1299 1098 1301 1036 1296 904 1281 854 1281 853 1281 851 1281 849 1281 829 1294 823 1298 816 1294 796 1281 794 1281 792 1281 790 1281 739 1292 713 1298 660 1292 587 1283 585 1283 583 1283 581 1283 570 1290 552 1303 416 1303 387 1288 376 1285 374 1285 372 1285 370 1285 359 1288 337 1298 315 1288 297 1281 295 1281 293 1281 240 1287 240 1343"/></Shape>
	    <String CONTENT="basé à Minsk. Il représente le raïon de Minsk."
                    HPOS="240"
                    VPOS="1281"
                    WIDTH="1776"
                    HEIGHT="86"></String>
          </TextLine>
          <TextLine ID="eSc_line_02055f5b"
                    TAGREFS="LT179"
                    BASELINE="253 1580 2355 1585" 
                    HPOS="253"
                    VPOS="1521"
                    WIDTH="2102"
                    HEIGHT="83">
            <Shape><Polygon POINTS="253 1580 253 1604 2353 1604 2355 1585 2353 1543 2168 1532 2166 1532 2164 1532 2148 1541 2144 1543 1895 1543 1887 1538 1862 1525 1860 1525 1792 1525 1790 1525 1788 1525 1742 1538 1724 1541 1702 1536 1641 1523 1586 1523 1585 1523 1583 1523 1557 1536 1555 1536 1553 1536 1515 1523 1513 1523 1511 1523 1509 1523 1485 1534 1476 1540 1462 1534 1430 1523 1429 1523 1427 1523 1350 1534 1341 1534 1333 1534 1282 1523 1280 1523 1232 1532 1207 1538 1196 1532 1177 1523 1175 1523 1130 1523 1128 1523 1126 1523 1109 1532 1093 1540 871 1538 849 1529 823 1521 821 1521 820 1521 818 1521 799 1529 777 1538 724 1538 706 1529 691 1521 689 1521 570 1521 568 1521 566 1521 544 1527 500 1538 465 1527 456 1523 454 1523 453 1523 451 1523 443 1525 421 1534 253 1525 253 1580"/></Shape>
	    <String CONTENT="Il est &gt;&lt; nommé d&#x27;après la rivière du même nom."
                    HPOS="253"
                    VPOS="1521"
                    WIDTH="2102"
                    HEIGHT="83"></String>
          </TextLine>
          <TextLine ID="eSc_line_63fa0ecc"
                    TAGREFS="LT179"
                    BASELINE="253 1822 2315 1816" 
                    HPOS="247"
                    VPOS="1740"
                    WIDTH="2069"
                    HEIGHT="140">
            <Shape><Polygon POINTS="2170 1768 2170 1765 2148 1749 2057 1760 2032 1740 2021 1740 1972 1765 1898 1743 1887 1743 1856 1768 1711 1768 1677 1740 1576 1762 1562 1768 1424 1768 1391 1740 1323 1740 1270 1768 1224 1754 1116 1768 1075 1743 987 1743 957 1768 866 1743 660 1743 624 1768 354 1762 327 1743 247 1754 255 1880 2316 1865 2313 1815 2307 1768 2296 1768"/></Shape>
	    <String CONTENT="Isänmaan Ystävä (finnois : L&#x27;ami de la patrie) est un"
                    HPOS="247"
                    VPOS="1740"
                    WIDTH="2069"
                    HEIGHT="140"></String>
          </TextLine>
          <TextLine ID="eSc_line_bbd7ea81"
                    TAGREFS="LT179"
                    BASELINE="280 1934 2449 1936" 
                    HPOS="277"
                    VPOS="1861"
                    WIDTH="2171"
                    HEIGHT="147">
            <Shape><Polygon POINTS="283 2008 2445 1960 2448 1936 2448 1883 2398 1861 2390 1861 2349 1881 2272 1861 2263 1861 2219 1881 2192 1861 2104 1861 2079 1881 1900 1867 1834 1881 1774 1861 1653 1861 1628 1881 1455 1861 1375 1861 1347 1883 1273 1883 1248 1861 1086 1861 1061 1881 984 1861 976 1861 938 1881 814 1861 640 1881 572 1861 561 1861 528 1883 341 1883 319 1864 308 1864 277 1878 277 1933"/></Shape>
	    <String CONTENT="journal publié de 1897 à 1900 à Helsinki en Finlande."
                    HPOS="277"
                    VPOS="1861"
                    WIDTH="2171"
                    HEIGHT="147"></String>
          </TextLine>
          <TextLine ID="eSc_line_6cfb4903"
                    TAGREFS="LT179"
                    BASELINE="260 2170 2359 2176" 
                    HPOS="260"
                    VPOS="2099"
                    WIDTH="2099"
                    HEIGHT="93">
            <Shape><Polygon POINTS="260 2170 260 2192 2357 2192 2359 2176 2357 2130 2295 2130 2293 2128 2243 2108 2241 2108 2239 2108 2238 2108 2208 2123 2184 2112 2183 2112 2181 2112 2179 2112 2131 2126 2120 2128 2106 2124 2060 2115 2058 2115 2056 2115 2023 2124 2005 2130 1878 2130 1865 2123 1834 2106 1832 2106 1830 2106 1829 2106 1799 2121 1768 2104 1766 2104 1704 2104 1702 2104 1700 2104 1671 2119 1667 2121 1663 2119 1654 2112 1652 2112 1651 2112 1649 2112 1566 2117 1489 2123 1449 2115 1434 2113 1432 2113 1430 2113 1427 2115 1403 2128 1352 2128 1326 2113 1324 2113 1322 2113 1320 2113 1315 2113 1227 2126 1181 2113 1179 2113 1177 2113 1111 2119 1095 2110 1078 2102 1076 2102 1075 2102 1040 2110 961 2126 915 2108 897 2101 895 2101 893 2101 891 2101 869 2106 814 2123 765 2106 750 2101 748 2101 746 2101 744 2101 735 2104 704 2121 669 2104 667 2104 665 2104 664 2104 614 2124 559 2115 557 2115 471 2124 425 2101 423 2101 260 2099 260 2170"/></Shape>
	    <String CONTENT="L&#x27;Aéroport de Mopah est un aéroport desservant la"
                    HPOS="260"
                    VPOS="2099"
                    WIDTH="2099"
                    HEIGHT="93"></String>
          </TextLine>
          <TextLine ID="eSc_line_cda0af97"
                    TAGREFS="LT179"
                    BASELINE="290 2295 2324 2293" 
                    HPOS="286"
                    VPOS="2219"
                    WIDTH="2035"
                    HEIGHT="99">
            <Shape><Polygon POINTS="288 2293 288 2318 2318 2318 2321 2290 2316 2244 2013 2241 2013 2238 1947 2219 1859 2219 1834 2241 1760 2219 1752 2219 1708 2241 1446 2241 1435 2233 1408 2222 1334 2241 1292 2219 1108 2233 1075 2219 1064 2219 1039 2241 951 2219 847 2235 651 2219 627 2241 561 2219 552 2219 497 2241 409 2219 286 2222 288 2293"/></Shape>
	    <String CONTENT="ville de Merauke, dans la province de Papouasie,"
                    HPOS="286"
                    VPOS="2219"
                    WIDTH="2035"
                    HEIGHT="99"></String>
          </TextLine>
          <TextLine ID="eSc_line_cab609c1"
                    TAGREFS="LT179"
                    BASELINE="279 2406 2373 2410" 
                    HPOS="277"
                    VPOS="2329"
                    WIDTH="2094"
                    HEIGHT="102">
            <Shape><Polygon POINTS="277 2403 277 2431 2368 2431 2371 2409 2371 2354 2329 2332 2217 2345 2200 2332 2057 2332 2035 2351 1980 2332 1911 2345 1837 2332 1782 2351 1369 2334 1331 2351 1325 2351 1273 2329 1125 2329 1103 2348 1023 2332 946 2348 924 2329 913 2329 847 2351 624 2351 599 2329 588 2329 536 2348 528 2348 478 2329 470 2329 420 2348 277 2348 277 2403"/></Shape>
	    <String CONTENT="en Indonésie (code IATA : MKQ - code OACI : WAKK)."
                    HPOS="277"
                    VPOS="2329"
                    WIDTH="2094"
                    HEIGHT="102"></String>
          </TextLine>
          <TextLine ID="eSc_line_c4abf74c"
                    TAGREFS="LT179"
                    BASELINE="258 2636 1238 2647 1935 2638 2368 2649" 
                    HPOS="258"
                    VPOS="2528"
                    WIDTH="2110"
                    HEIGHT="152">
            <Shape><Polygon POINTS="258 2665 1027 2665 1126 2674 1128 2674 1372 2665 1390 2676 1392 2676 1394 2676 1396 2676 1553 2665 2245 2665 2274 2680 2276 2680 2278 2680 2366 2663 2368 2649 2364 2592 1922 2596 1852 2585 1838 2583 1836 2583 1834 2583 1830 2585 1801 2597 1729 2597 1581 2592 1561 2581 1542 2572 1541 2572 1539 2572 1537 2572 1509 2579 1500 2583 1493 2579 1478 2572 1435 2528 1372 2570 1370 2570 1368 2570 1344 2577 1322 2583 1306 2577 1289 2570 1287 2570 1286 2570 1284 2570 1267 2577 1232 2594 1104 2594 1065 2574 1053 2568 1051 2568 1049 2568 1047 2568 1036 2574 1003 2592 904 2592 853 2572 851 2572 849 2572 847 2572 739 2590 675 2568 665 2566 664 2566 632 2566 631 2566 629 2566 623 2568 585 2590 498 2590 454 2566 453 2566 258 2564 258 2636"/></Shape>
	    <String CONTENT="Nishijin (-), littéralement « faction ouest » ou « camp"
                    HPOS="258"
                    VPOS="2528"
                    WIDTH="2110"
                    HEIGHT="152"></String>
          </TextLine>
          <TextLine ID="eSc_line_16eb826c"
                    TAGREFS="LT179"
                    BASELINE="264 2767 1592 2762" 
                    HPOS="258"
                    VPOS="2686"
                    WIDTH="1331"
                    HEIGHT="105">
            <Shape><Polygon POINTS="261 2766 261 2791 1587 2791 1589 2761 1584 2711 1070 2686 1067 2686 1064 2686 1061 2686 1061 2689 1039 2711 916 2711 852 2689 850 2689 847 2689 844 2689 841 2689 841 2692 819 2711 783 2697 781 2697 778 2697 775 2697 745 2714 577 2714 550 2689 547 2689 544 2689 541 2689 539 2689 492 2708 475 2692 475 2689 473 2689 470 2689 467 2689 338 2703 291 2689 288 2689 286 2689 283 2689 280 2689 280 2692 258 2708 261 2766"/></Shape>
	    <String CONTENT="ouest », peut faire référence à :"
                    HPOS="258"
                    VPOS="2686"
                    WIDTH="1331"
                    HEIGHT="105"></String>
          </TextLine>
          <TextLine ID="eSc_line_465d1dcf"
                    TAGREFS="LT179"
                    BASELINE="274 3004 1929 2993 2372 3001" 
                    HPOS="269"
                    VPOS="2912"
                    WIDTH="2107"
                    HEIGHT="137">
            <Shape><Polygon POINTS="277 3046 2376 3049 2371 3000 2368 2939 2247 2939 2211 2915 2197 2915 2164 2937 2057 2937 1999 2912 1991 2912 1922 2942 1878 2942 1845 2915 1834 2915 1785 2939 1471 2939 1413 2920 1301 2945 1169 2945 1122 2926 982 2942 905 2917 896 2917 819 2945 684 2920 539 2920 514 2942 467 2920 269 2920 272 3003"/></Shape>
	    <String CONTENT="Velika Vrbica (en serbe cyrillique : - -) est un village"
                    HPOS="269"
                    VPOS="2912"
                    WIDTH="2107"
                    HEIGHT="137"></String>
          </TextLine>
          <TextLine ID="eSc_line_ed799831"
                    TAGREFS="LT179"
                    BASELINE="245 3118 2509 3114" 
                    HPOS="243"
                    VPOS="3029"
                    WIDTH="2266"
                    HEIGHT="106">
            <Shape><Polygon POINTS="245 3135 2507 3129 2509 3114 2505 3065 2326 3063 2285 3043 2283 3043 2282 3043 2280 3043 2236 3063 2076 3061 2036 3045 2034 3045 2032 3045 2030 3045 1988 3061 1928 3041 1926 3041 1827 3041 1825 3041 1823 3041 1770 3056 1739 3041 1737 3041 1735 3041 1733 3041 1685 3065 1641 3065 1537 3041 1535 3041 1533 3041 1471 3065 1372 3067 1179 3067 1131 3043 1130 3043 1128 3043 1126 3043 1071 3059 986 3059 915 3043 913 3043 911 3043 853 3065 719 3043 717 3043 715 3043 653 3065 585 3043 583 3043 581 3043 451 3029 387 3043 385 3043 383 3043 350 3056 300 3043 299 3043 297 3043 295 3043 243 3065 245 3118"/></Shape>
	    <String CONTENT="de Serbie situé dans la municipalité de Kladovo, district"
                    HPOS="243"
                    VPOS="3029"
                    WIDTH="2266"
                    HEIGHT="106"></String>
          </TextLine>
          <TextLine ID="eSc_line_ccdfc9bf"
                    TAGREFS="LT179"
                    BASELINE="223 3224 882 3215 2498 3221" 
                    HPOS="221"
                    VPOS="3151"
                    WIDTH="2277"
                    HEIGHT="95">
            <Shape><Polygon POINTS="223 3224 221 3235 243 3245 245 3245 247 3245 484 3235 544 3246 546 3246 660 3237 1095 3237 1175 3246 1177 3246 2496 3237 2498 3221 2498 3169 2436 3153 2434 3153 2432 3153 2359 3168 2357 3168 2295 3153 2227 3153 2225 3153 2223 3153 2192 3168 2190 3168 2188 3168 2144 3153 2142 3153 2140 3153 2139 3153 2107 3162 1964 3153 1962 3153 1961 3153 1924 3162 1873 3153 1871 3153 1805 3166 1788 3169 1577 3169 1568 3164 1544 3153 1542 3153 1541 3153 1539 3153 1502 3164 1487 3169 1243 3169 1229 3162 1214 3157 1212 3157 1210 3157 1208 3157 1194 3162 1183 3168 1170 3162 1150 3153 1148 3153 1146 3153 1091 3162 1054 3168 1031 3162 1007 3155 1005 3155 1003 3155 948 3160 889 3168 788 3160 708 3155 706 3155 704 3155 691 3160 673 3169 607 3169 588 3158 574 3153 572 3153 570 3153 568 3153 550 3158 528 3166 473 3158 412 3151 410 3151 223 3157 223 3224"/></Shape>
	    <String CONTENT="de Bor. Au recensement de 2011, il &gt;&lt; comptait 836 habitants."
                    HPOS="221"
                    VPOS="3151"
                    WIDTH="2277"
                    HEIGHT="95"></String>
          </TextLine>
        </TextBlock>
        <TextBlock HPOS="0"
                   VPOS="2060"
                   WIDTH="1"
                   HEIGHT="2"
                   ID="eSc_textblock_668a497d"
                   TAGREFS="BT179">
          <Shape><Polygon POINTS="0 2062 0 2060 1 2060 1 2062 0 2062"/></Shape>
        </TextBlock>
        <TextBlock HPOS="2280"
                   VPOS="1642"
                   WIDTH="13"
                   HEIGHT="6"
                   ID="eSc_textblock_9aed25bc"
                   TAGREFS="BT179">
          <Shape><Polygon POINTS="2285 1642 2293 1642 2293 1648 2280 1648 2285 1642"/></Shape>
        </TextBlock>
        <TextBlock HPOS="2287"
                   VPOS="2757"
                   WIDTH="35"
                   HEIGHT="5"
                   ID="eSc_textblock_6e5bb787"
                   TAGREFS="BT179">
          <Shape><Polygon POINTS="2291 2757 2322 2757 2322 2762 2287 2762 2291 2757"/></Shape>
        </TextBlock>
        <TextBlock HPOS="2272"
                   VPOS="997"
                   WIDTH="72"
                   HEIGHT="5"
                   ID="eSc_textblock_094bf43d"
                   TAGREFS="BT179">
          <Shape><Polygon POINTS="2278 997 2344 997 2344 1002 2272 1002 2278 997"/></Shape>
        </TextBlock>
        <TextBlock HPOS="2544"
                   VPOS="3292"
                   WIDTH="4"
                   HEIGHT="6"
                   ID="eSc_textblock_d61dcf9f"
                   TAGREFS="BT179">
          <Shape><Polygon POINTS="2548 3294 2548 3298 2544 3298 2544 3292 2548 3294"/></Shape>
        </TextBlock>
      </PrintSpace>
    </Page>
  </Layout>
</alto>
