2550 3300
1684 7 750 101 wikitexte_0063

383 168 1928 136 J'ai lu les conditions de participation

355 319 2013 133 et j'y consens. Je comprends que mon manuscrit

365 394 2029 175 sera anonymisé et utilisé par BAnQ pour des

359 531 1981 110 activités de recherche et développement et

322 654 2026 129 qu'il pourra aussi être publié et partagé sous

297 750 1911 135 >< licence CC-BY pour être utilisé

282 848 1869 175 librement à des fins non commerciales.

363 1097 1969 133 UGK est un groupe de hip-hop américain,

333 1204 2121 160 originaire de Port Arthur, au Texas. Le groupe

303 1322 2191 140 est formé en 1987 par Chad « Pimp C » Butler,

272 1441 2176 115 qui sera rejoint par Bernard « Bun B » Freeman,

288 1554 2078 114 qui deviendra son collaborateur. Ils publient

284 1670 2157 108 leur premier album Too Hard to Swallow, en

319 1779 2043 113 1992, suivi de plusieurs autres qui atteindront

291 1893 2068 134 les classements Billboard 200  en août 2007.

299 1983 2089 173 Pimp C fonde UGK Records à la fin de 2005.

308 2109 1955 116 Le 4 décembre 2007, Pimp C est retrouvé

284 2236 1869 101 mort dans une chambre d'hôtel à West

300 2350 1230 153 Hollywood, en Californie.

423 2443 1954 120 Révolution démocratique (espagnol : Revolución

273 2575 2055 118 Democrática) est un parti politique chilien de

275 2695 2222 135 gauche, fondé en 2012 par des meneurs du mouvement

282 2806 2060 133 étudiant de 2011, notamment le député Giorgio

288 2894 2094 159 Jackson, figure publique la plus connue du parti.

302 3019 2082 115 Leurs principes sont basés sur la défense de la

300 3105 2110 94 démocratie participative et la résistance face au

177 3179 632 78 néolibéralisme.
