2550 3300
1830 25 573 105 wikitexte_0246

228 198 2181 134 J'ai lu les conditions de participation et j'y consens.

233 335 2094 124 Je comprends que mon manuscrit sera anonymisé

222 442 2077 108 et utilisé par BAnQ pour des activités de recherche

217 561 2104 121 et développement et qu'il pourra aussi être publié

253 676 1969 113 et partagé sous licence CC-BY pour être utilisé

253 794 1672 130 librement à des fins non commerciales

220 1028 1969 132 Le Mexique aux Jeux olympiques d'été de 2008 a

236 1138 2129 143 envoyé une délégation composée de 81 compétiteurs dans

255 1259 2234 121 21 disciplines sportives : 25 en athlétisme, 1 en badminton,

253 1377 2090 141 4 en boxe, 4 en kayak, 2 en cyclisme, 7 en plongeon,

275 1501 2087 146 1 en équitation, 1 en escrime, 1 en gymnastique, 2 en

244 1617 1951 129 judo, 2 en haltérophilie, 6 en natation, 3 en

225 1738 2071 118 natation synchronisée, 2 en pentathlon moderne,

260 1855 2038 115 3 en aviron, 1 en tennis de table, 4 en tir à l'arc,

255 1971 2044 113 4 en tir, 2 en triathlon, 3 en voile, 2 en beach

236 2087 256 151 volley.

233 2312 2074 135 Jean-Antoine Letronne, né à Paris le 25 janvier 1787

234 2445 2026 129 où il est mort le 14 décembre 1848, est un philologue

220 2554 1859 146 helléniste, épigraphiste et archéologue français .

201 2792 2180 126 Louis III de Lorraine, cardinal de Guise (né le 22 janvier 1575 - mort

192 2913 2202 113 le 21 juin 1621, à Saintes, Charente-Maritime), appartenait à la maison

189 3030 2193 124 de Guise, branche cadette de la maison de Lorraine, qui joua un rôle

192 3125 2134 131 de premier plan dans la vie politique française au XVIe siècle.

2442 3176 36 85 1
