2550 3300
495 502 1831 130 J'ai lu les conditions de participation et j'y consens.

495 671 1733 114 Je comprends que mon manuscrit sera anonymisé

497 819 1838 130 et utilisé par BAnQ pour des activités de recherche

498 991 1830 96 et de développement et qu'il pourra aussi être publié

500 1162 1611 113 et partagé sous licence CC-BY pour être utilisé

502 1320 1378 91 librement à des fins non commerciales.

500 1452 1879 88 Post mortem est un film québécois écrit et réalisé par

500 1617 784 122 Louis Bélanger en 1999.

497 1769 1731 110 Iouri Alekseïévitch Kourbyko (en russe : - - -) ou

495 1934 1913 137 Iouryï Aliakseïévitch Kourbyka (en biélorusse : - - -) est

487 2110 1796 121 un footballeur soviétique puis biélorusse né le 26

480 2275 791 93 février 1956 à Minsk.

493 2399 1831 175 Évoluant au poste de gardien de but, il passe la

500 2602 1911 132 majeure partie de sa carrière au Dinamo Minsk,

510 2761 1785 111 pour qui il joue de 1974 à 1985 puis de 1988

513 2927 1767 103 à 1992, y étant notamment élu footballeur

521 3089 1260 102 biélorusse de l'année en 1991.

1520 258 609 91 wikitexte_0074
