2550 3300
267 320 1960 124 J'ai lu les conditions de participation et j'y consens. Je

267 452 2013 77 comprends que mon manuscrit sera anonymisé et utilisé

260 570 2033 80 par BAnQ pour des activités de recherche et développement

262 691 2001 101 et qu'il pourra aussi être publié et partagé sous licence

249 801 2117 90 CC-BY pour être utilisé librement à des fins non commerciales.

242 1025 2274 119 Dejan Stojanovi- (en serbe/monténégrin : - -, prononcé [d-jan st-jan-vit-];

243 1149 2026 95 11 mars 1959) est un poète serbo-américain, écrivain, essayiste,

251 1266 2051 92 philosophe, homme d'affaires et ancien journaliste. Sa poésie est

245 1386 2182 91 caractérisée par un système de pensée et des procédés poétiques

240 1507 2146 91 reconnaissables, en bordure de la philosophie, et, globalement, par

245 1611 2029 112 un ton très réflexif. Selon le critique Petar V. Arbutina,

249 1743 2178 111 « Stojanovi- appartient au petit cercle de poètes autochtones

247 1851 2126 96 qui ont été la principale force créatrice et artistique de la

245 1981 1602 97 poésie serbe au cours des dernières décennies.»

212 2220 2178 124 Slipping Away est une chanson du groupe britannique The Rolling

209 2326 2234 103 Stones parue en 1989 sur l'album Steel Wheels. C'est une ballade

203 2451 2080 125 écrite par Mick Jagger et Keith Richars et chantée par ce

216 2570 2150 99 dernier. Le groupe interprète en concert cette chanson de façon

198 2680 2243 141 régulière au cours de tournées Voodoo Lounge (1995), Forty Licks

198 2801 2128 129 (2002-2003), A Bigger Bang (2005-2007), 14 on Fire avec l'ancien

199 2916 2158 128 guitariste du groupe Mick Taylor en invité (2014) et No Filter

210 3047 452 91 (2017-2019),,.

1944 38 510 83 wikitexte_0189
