<?xml version="1.0" encoding="UTF-8"?>
<alto xmlns:xsi="http://www.w3.org/2001/XMLSchema-instance"
      xmlns="http://www.loc.gov/standards/alto/ns-v4#"
      xsi:schemaLocation="http://www.loc.gov/standards/alto/ns-v4# http://www.loc.gov/standards/alto/v4/alto-4-2.xsd">
  <Description>
    <MeasurementUnit>pixel</MeasurementUnit>
    <sourceImageInformation>
      <fileName>wikitexte_0263.jpg</fileName>
    </sourceImageInformation>
  </Description>
  <Tags>
    <OtherTag ID="BT1" LABEL="Title" DESCRIPTION="block type Title"/><OtherTag ID="BT2" LABEL="Main" DESCRIPTION="block type Main"/><OtherTag ID="BT3" LABEL="Commentary" DESCRIPTION="block type Commentary"/><OtherTag ID="BT4" LABEL="Illustration" DESCRIPTION="block type Illustration"/><OtherTag ID="BT67" LABEL="text" DESCRIPTION="block type text"/>
    <OtherTag ID="LT67" LABEL="default" DESCRIPTION="line type default"/>
  </Tags>
  <Layout>
    <Page WIDTH="2550"
          HEIGHT="3300"
          PHYSICAL_IMG_NR="0"
          ID="eSc_dummypage_">
      <PrintSpace HPOS="0"
                  VPOS="0"
                  WIDTH="2550"
                  HEIGHT="3300">
        <TextBlock HPOS="521"
                   VPOS="124"
                   WIDTH="2027"
                   HEIGHT="2455"
                   ID="eSc_textblock_7a1d188a"
                   TAGREFS="BT67">
          <Shape><Polygon POINTS="1458 124 2548 139 2527 225 2249 264 2366 293 2375 337 2548 374 2527 826 2454 887 2513 953 2520 1149 2234 1224 2461 1283 2447 1376 2344 1486 2447 1525 2513 1620 2520 1794 2476 1860 2520 1882 2241 1958 2307 1972 2285 1985 2124 1994 2476 2024 2520 2053 2520 2154 2405 2176 2337 2242 1808 2332 2219 2383 2234 2476 2095 2520 1759 2528 1691 2579 572 2579 550 2535 535 2036 521 601 543 286 1596 264 1429 218 1421 154 1458 124"/></Shape>
          <TextLine ID="eSc_line_73708c80"
                    TAGREFS="LT67"
                    BASELINE="1434 176 2514 190" 
                    HPOS="1430"
                    VPOS="126"
                    WIDTH="1081"
                    HEIGHT="96">
            <Shape><Polygon POINTS="2475 137 2448 137 2420 137 2393 137 2365 137 2338 137 2310 134 2283 134 2255 134 2228 134 2200 134 2173 134 2145 134 2118 134 2090 132 2063 132 2035 132 2008 132 1980 132 1953 132 1925 132 1898 132 1870 129 1843 129 1815 129 1788 129 1760 129 1733 129 1705 129 1677 129 1650 126 1622 126 1595 126 1567 126 1540 126 1512 126 1485 126 1457 126 1433 143 1433 176 1430 209 2505 222 2511 189 2505 137 2503 137"/></Shape>
	    <String CONTENT="NOM DE RÉFÉRENCE : WIKITEXTE_026"
                    HPOS="1430"
                    VPOS="126"
                    WIDTH="1081"
                    HEIGHT="96"></String>
          </TextLine>
          <TextLine ID="eSc_line_518160f1"
                    TAGREFS="LT67"
                    BASELINE="561 350 2283 355" 
                    HPOS="559"
                    VPOS="291"
                    WIDTH="1724"
                    HEIGHT="118">
            <Shape><Polygon POINTS="559 372 737 381 739 381 887 374 939 372 952 374 990 383 992 383 1042 374 1047 374 1054 374 1100 385 1102 385 1212 375 1214 375 1271 390 1273 390 1275 392 1438 392 1438 390 1440 390 1476 377 1495 390 1496 390 1498 390 1500 392 1559 392 1559 390 1561 390 1590 375 1596 374 1680 374 1759 374 1762 377 1788 392 1790 392 1792 392 1876 409 1931 394 1931 392 1994 377 2005 375 2280 377 2283 355 2282 295 2227 295 2225 295 2223 295 2221 295 2194 313 2161 297 2159 297 2076 297 2074 297 2073 297 2036 313 1983 298 1981 298 1979 298 1977 298 1928 313 1873 298 1871 298 1869 298 1867 298 1865 298 1845 313 1818 295 1816 295 1814 295 1812 295 1810 295 1772 315 1711 315 1636 297 1634 297 1632 297 1588 313 1423 313 1392 293 1390 293 1388 293 1386 293 1385 293 1341 311 1287 293 1286 293 1284 293 1282 293 1280 293 1251 313 1219 313 1095 291 1087 291 1086 291 1084 291 1082 291 1038 311 931 311 902 291 900 291 898 291 853 291 851 291 849 291 847 291 818 311 787 311 748 291 746 291 744 291 742 291 691 309 656 291 654 291 561 291 561 350"/></Shape>
	    <String CONTENT="J&#x27;ai lu les conditions de participation et j&#x27;y consens. Je"
                    HPOS="559"
                    VPOS="291"
                    WIDTH="1724"
                    HEIGHT="118"></String>
          </TextLine>
          <TextLine ID="eSc_line_90433dd7"
                    TAGREFS="LT67"
                    BASELINE="566 438 2515 434" 
                    HPOS="565"
                    VPOS="373"
                    WIDTH="1985"
                    HEIGHT="124">
            <Shape><Polygon POINTS="566 460 610 473 612 473 666 497 757 462 801 458 820 462 873 473 875 473 948 462 975 458 996 462 1038 471 1040 471 1139 462 1152 462 1153 462 1170 473 1172 473 1174 473 1175 473 1219 462 1227 462 1252 462 1418 473 1419 473 1421 473 1423 473 1438 463 1440 462 1713 456 1740 463 1762 471 1764 471 1766 471 1830 463 1909 456 2166 458 2177 465 2186 471 2188 471 2190 471 2192 471 2245 465 2318 458 2511 465 2515 434 2550 373 2454 392 2438 383 2436 383 2434 383 2328 383 2326 383 2324 383 2321 385 2287 403 2179 403 2151 386 2146 383 2144 383 2142 383 2140 383 2100 386 2060 392 2052 388 2045 383 2043 383 2041 383 1928 383 1926 383 1924 383 1907 390 1880 401 1766 392 1762 392 1761 392 1753 392 1629 401 1553 394 1452 385 1451 385 1449 385 1410 396 1386 405 1051 405 1043 401 1020 392 1018 392 1016 392 1014 392 981 401 974 403 964 401 908 392 906 392 904 392 882 403 880 403 829 385 827 385 825 385 823 385 788 403 587 392 585 392 583 392 581 392 565 401 566 438"/></Shape>
	    <String CONTENT="comprends que mon manuscrit sera anonymisé et utilisé par BAnQ"
                    HPOS="565"
                    VPOS="373"
                    WIDTH="1985"
                    HEIGHT="124"></String>
          </TextLine>
          <TextLine ID="eSc_line_ee49799d"
                    TAGREFS="LT67"
                    BASELINE="552 522 2498 517" 
                    HPOS="550"
                    VPOS="457"
                    WIDTH="2000"
                    HEIGHT="120">
            <Shape><Polygon POINTS="554 559 621 542 753 542 798 553 799 553 801 553 803 553 843 544 1163 551 1164 551 1386 542 1454 555 1456 555 1695 542 1728 555 1729 555 1731 555 1801 546 1847 555 1849 555 2056 539 2164 539 2205 553 2206 553 2249 577 2353 542 2494 553 2498 517 2550 457 2359 462 2357 462 2355 462 2353 462 2326 478 2293 467 2291 467 2289 467 2239 478 2216 467 2214 467 2212 467 2210 467 2177 478 2153 465 2151 465 2150 465 2148 465 2122 480 1928 480 1858 463 1851 462 1849 462 1847 462 1843 463 1799 480 1739 463 1737 463 1735 463 1731 463 1535 480 1489 463 1487 463 1485 463 1408 463 1407 463 1405 463 1403 463 1385 474 1326 463 1319 463 1317 463 1315 463 1311 463 1267 480 1219 465 1216 463 1214 463 1212 463 1210 463 1208 463 1208 465 1179 482 1139 467 1137 467 1135 467 1133 467 1102 484 1040 484 1014 467 1012 467 1010 467 1008 467 1007 467 986 478 963 465 961 465 959 465 955 465 897 476 860 465 858 465 856 465 854 465 853 465 851 465 820 484 770 484 733 465 731 465 730 465 728 465 726 465 724 465 695 484 618 484 550 467 552 522"/></Shape>
	    <String CONTENT="pour des activités de recherche et développement et qu&#x27;il pourra aussi être publié et"
                    HPOS="550"
                    VPOS="457"
                    WIDTH="2000"
                    HEIGHT="120"></String>
          </TextLine>
          <TextLine ID="eSc_line_073edfe8"
                    TAGREFS="LT67"
                    BASELINE="546 616 1027 606 2520 606" 
                    HPOS="544"
                    VPOS="550"
                    WIDTH="1976"
                    HEIGHT="95">
            <Shape><Polygon POINTS="546 616 546 645 610 632 642 643 643 643 645 645 697 645 731 645 731 643 733 643 763 628 1122 628 1229 638 1300 643 1302 643 1333 638 1374 627 2006 627 2014 630 2038 641 2040 641 2041 641 2115 632 2254 641 2256 641 2258 641 2280 630 2309 641 2311 641 2313 641 2315 641 2364 627 2520 623 2520 606 2518 562 2454 550 2452 550 2450 550 2427 562 2421 566 2137 566 2122 562 2062 550 2060 550 2058 550 2034 562 2032 564 2028 562 2005 550 2003 550 2001 550 1999 550 1968 561 1926 550 1924 550 1922 550 1838 562 1821 564 1805 562 1729 550 1728 550 1669 562 1660 564 1656 562 1632 550 1630 550 1570 550 1568 550 1566 550 1564 550 1544 562 1537 568 1493 568 1484 562 1463 551 1462 551 1460 551 1396 562 1374 566 1353 562 1304 553 1302 553 1300 553 1278 562 1256 551 1254 551 1252 551 1186 562 1185 562 1181 562 1120 551 1119 551 1117 551 1095 562 1087 566 972 566 966 562 933 551 931 551 930 551 875 562 860 566 849 562 816 551 814 551 812 551 810 551 788 562 766 551 765 551 763 551 761 551 717 562 709 564 704 562 653 551 651 551 544 562 546 616"/></Shape>
	    <String CONTENT="partagé sous licence CC-BY pour être utilisé librement à des fins non commerciales."
                    HPOS="544"
                    VPOS="550"
                    WIDTH="1976"
                    HEIGHT="95"></String>
          </TextLine>
          <TextLine ID="eSc_line_5f0cac2b"
                    TAGREFS="LT67"
                    BASELINE="539 779 1276 771 2487 779" 
                    HPOS="536"
                    VPOS="706"
                    WIDTH="1950"
                    HEIGHT="124">
            <Shape><Polygon POINTS="536 814 822 797 983 830 1028 800 1251 816 1347 803 1413 805 1554 816 1922 800 2002 816 2008 816 2046 800 2316 800 2461 816 2483 797 2486 778 2483 728 2307 709 2230 723 2118 709 2074 728 1972 728 1950 709 1851 726 1818 726 1705 712 1639 726 1620 709 1471 726 1435 709 1427 709 1380 728 1163 728 1141 709 1012 723 987 706 979 706 899 723 827 706 742 723 621 706 536 717 536 778"/></Shape>
	    <String CONTENT="Thomas Lennartz est un organiste, chef de chœur et compositeur allemand,"
                    HPOS="536"
                    VPOS="706"
                    WIDTH="1950"
                    HEIGHT="124"></String>
          </TextLine>
          <TextLine ID="eSc_line_6ffc1611"
                    TAGREFS="LT67"
                    BASELINE="561 870 1482 861" 
                    HPOS="559"
                    VPOS="799"
                    WIDTH="923"
                    HEIGHT="136">
            <Shape><Polygon POINTS="561 885 713 885 717 885 748 898 750 898 752 898 753 898 781 887 818 894 820 894 821 894 823 894 832 885 836 883 864 883 867 885 882 898 884 898 886 898 887 900 924 900 924 898 926 898 928 898 941 885 948 881 966 885 1010 896 1012 896 1014 896 1034 885 1043 881 1067 885 1117 896 1150 935 1177 898 1177 896 1179 896 1181 896 1181 894 1190 885 1192 883 1196 885 1216 896 1218 896 1219 896 1295 894 1297 894 1313 885 1324 880 1416 881 1419 885 1427 892 1427 894 1429 894 1430 894 1432 894 1480 885 1482 861 1480 823 1452 808 1451 808 1449 808 1447 808 1445 808 1434 815 1388 801 1386 801 1385 801 1383 801 1357 810 1346 801 1346 799 1344 799 1342 799 1298 799 1297 799 1295 799 1293 799 1293 801 1273 821 1249 804 1247 804 1245 804 1243 804 1241 804 1240 804 1240 806 1221 825 1205 825 1179 801 1177 801 1175 801 1174 801 1172 801 1170 801 1170 803 1149 823 1075 810 1073 810 1071 810 1069 810 1049 823 1029 804 1029 803 1027 803 1025 803 1003 803 1001 803 999 803 997 803 997 804 975 825 935 812 933 812 931 812 930 812 928 812 928 814 913 826 911 826 853 826 842 826 814 804 812 804 810 804 750 804 748 804 746 804 744 804 744 806 724 826 697 806 695 806 693 806 667 806 665 806 664 806 662 806 662 808 642 826 640 828 559 828 561 870"/></Shape>
	    <String CONTENT="né à Hanovre le 31 juillet 1971."
                    HPOS="559"
                    VPOS="799"
                    WIDTH="923"
                    HEIGHT="136"></String>
          </TextLine>
          <TextLine ID="eSc_line_50c4c493"
                    TAGREFS="LT67"
                    BASELINE="566 1026 2489 1030" 
                    HPOS="565"
                    VPOS="953"
                    WIDTH="1924"
                    HEIGHT="124">
            <Shape><Polygon POINTS="565 1050 1263 1063 1265 1063 1267 1063 1291 1050 1297 1046 1524 1046 1590 1048 1594 1048 1629 1065 1630 1065 1632 1065 1634 1065 1667 1048 1704 1048 1800 1077 1825 1048 2001 1065 2003 1065 2073 1048 2074 1048 2236 1048 2280 1063 2282 1063 2283 1063 2386 1052 2417 1063 2419 1063 2421 1063 2487 1046 2489 1030 2489 980 2436 966 2434 966 2432 966 2340 977 2328 979 2326 977 2287 957 2285 957 2212 957 2210 957 2208 957 2175 975 2168 979 2151 975 2109 966 2107 966 2106 966 2076 973 2056 979 2032 973 1959 957 1957 957 1884 971 1863 975 1852 971 1827 960 1825 960 1823 960 1768 968 1715 979 1682 968 1678 968 1676 968 1674 968 1662 968 1539 979 1498 966 1467 955 1465 955 1463 955 1462 955 1425 964 1383 977 1308 977 1284 962 1275 957 1273 957 1271 957 1269 957 1267 957 1254 962 1218 977 1157 960 1133 955 1131 955 1130 955 1128 955 1115 960 1078 977 1025 958 1012 955 1010 955 1008 955 1007 955 999 958 979 969 902 960 900 960 898 960 840 975 794 955 792 955 790 955 788 955 787 955 785 955 713 977 673 955 671 955 566 953 566 1026"/></Shape>
	    <String CONTENT="Victor Thonet, né à Huy le 27 octobre 1914 et fusillé par les Allemands"
                    HPOS="565"
                    VPOS="953"
                    WIDTH="1924"
                    HEIGHT="124"></String>
          </TextLine>
          <TextLine ID="eSc_line_4e36db6a"
                    TAGREFS="LT67"
                    BASELINE="561 1118 2504 1111" 
                    HPOS="559"
                    VPOS="1050"
                    WIDTH="1945"
                    HEIGHT="94">
            <Shape><Polygon POINTS="561 1118 561 1134 616 1144 618 1144 731 1134 748 1134 750 1134 766 1144 768 1144 770 1144 1291 1134 1397 1133 1427 1134 1585 1144 1586 1144 1588 1144 1623 1133 1629 1133 1669 1133 1997 1144 1999 1144 2056 1134 2443 1142 2445 1142 2504 1131 2504 1111 2500 1068 2430 1068 2390 1050 2388 1050 2386 1050 2311 1052 2309 1052 2269 1067 2221 1050 2219 1050 2217 1050 2216 1050 2157 1067 2120 1050 2118 1050 2117 1050 2115 1050 2089 1065 1999 1068 1933 1052 1931 1052 1673 1052 1671 1052 1669 1052 1638 1067 1575 1067 1535 1052 1533 1052 1531 1052 1445 1070 1374 1054 1372 1054 1201 1070 953 1056 952 1056 950 1056 917 1074 871 1074 845 1059 843 1059 842 1059 840 1059 814 1074 766 1074 737 1056 735 1056 733 1056 684 1056 682 1056 680 1056 640 1074 559 1074 561 1118"/></Shape>
	    <String CONTENT="au Tir national le 20 avril 1943, est un résistant belge, membre de l&#x27;Armée"
                    HPOS="559"
                    VPOS="1050"
                    WIDTH="1945"
                    HEIGHT="94"></String>
          </TextLine>
          <TextLine ID="eSc_line_60f7e432"
                    TAGREFS="LT67"
                    BASELINE="563 1200 1161 1197" 
                    HPOS="561"
                    VPOS="1136"
                    WIDTH="600"
                    HEIGHT="108">
            <Shape><Polygon POINTS="563 1200 563 1222 623 1243 625 1243 627 1244 673 1244 673 1243 675 1243 676 1243 698 1224 818 1243 820 1243 944 1222 946 1222 970 1232 972 1232 974 1232 1023 1222 1034 1232 1034 1233 1036 1233 1038 1233 1040 1233 1102 1222 1144 1233 1146 1233 1148 1233 1150 1233 1152 1233 1161 1224 1161 1197 1157 1160 1058 1160 1032 1138 1031 1138 1029 1138 1027 1138 1025 1138 1023 1138 1023 1140 1008 1153 992 1138 992 1136 990 1136 988 1136 957 1136 955 1136 953 1136 952 1136 922 1160 889 1160 864 1138 862 1138 860 1138 858 1138 856 1138 854 1138 827 1160 787 1140 785 1140 783 1140 781 1140 779 1140 779 1142 757 1162 709 1162 686 1140 686 1138 684 1138 682 1138 629 1138 627 1138 625 1138 623 1138 612 1149 585 1138 583 1138 581 1138 579 1138 577 1138 577 1140 576 1140 561 1155 563 1200"/></Shape>
	    <String CONTENT="belge des partisans."
                    HPOS="561"
                    VPOS="1136"
                    WIDTH="600"
                    HEIGHT="108"></String>
          </TextLine>
          <TextLine ID="eSc_line_4bb3d440"
                    TAGREFS="LT67"
                    BASELINE="568 1353 1062 1365 2395 1365" 
                    HPOS="566"
                    VPOS="1287"
                    WIDTH="1829"
                    HEIGHT="115">
            <Shape><Polygon POINTS="568 1353 566 1389 1164 1398 1166 1398 1168 1398 1196 1391 1203 1389 1212 1391 1256 1400 1258 1400 1632 1391 1671 1391 1687 1391 1847 1402 1849 1402 2394 1391 2395 1365 2392 1305 2324 1309 2304 1303 2265 1292 2263 1292 2261 1292 2216 1303 2201 1305 2181 1301 2120 1292 2118 1292 2117 1292 2115 1292 2100 1301 2073 1318 1950 1307 1948 1307 1946 1307 1918 1318 1902 1307 1900 1307 1898 1307 1896 1307 1840 1312 1805 1303 1803 1303 1801 1303 1799 1303 1762 1318 1676 1318 1654 1303 1652 1303 1651 1303 1649 1303 1550 1316 1515 1296 1511 1292 1509 1292 1507 1292 1506 1292 1504 1292 1495 1296 1438 1316 1394 1294 1385 1290 1383 1290 1381 1290 1359 1294 1243 1316 1219 1305 1218 1305 1216 1305 1128 1314 1076 1290 1071 1288 1069 1288 1067 1288 1054 1290 957 1316 898 1316 840 1290 838 1290 783 1290 781 1290 779 1290 728 1314 686 1288 684 1288 682 1288 568 1287 568 1353"/></Shape>
	    <String CONTENT="Slava Ukraini est un documentaire français réalisé par Marc Roussel et"
                    HPOS="566"
                    VPOS="1287"
                    WIDTH="1829"
                    HEIGHT="115"></String>
          </TextLine>
          <TextLine ID="eSc_line_6481fe5a"
                    TAGREFS="LT67"
                    BASELINE="557 1455 796 1448 1929 1455" 
                    HPOS="555"
                    VPOS="1387"
                    WIDTH="1374"
                    HEIGHT="101">
            <Shape><Polygon POINTS="555 1477 702 1472 843 1479 939 1483 941 1483 985 1477 1034 1472 1043 1477 1051 1483 1053 1483 1054 1483 1056 1485 1137 1485 1137 1483 1139 1483 1153 1477 1168 1472 1506 1472 1524 1475 1579 1486 1581 1486 1583 1486 1585 1486 1599 1474 1601 1472 1801 1472 1805 1474 1821 1486 1823 1486 1825 1486 1827 1488 1871 1488 1871 1486 1873 1486 1874 1486 1891 1474 1893 1472 1926 1472 1929 1455 1928 1411 1849 1398 1847 1398 1724 1408 1695 1409 1689 1408 1673 1395 1671 1395 1669 1395 1667 1395 1665 1395 1641 1406 1640 1408 1638 1406 1610 1393 1608 1393 1607 1393 1531 1406 1511 1408 1487 1404 1399 1391 1397 1391 1396 1391 1394 1391 1379 1404 1377 1406 1366 1402 1337 1395 1335 1395 1333 1395 1331 1395 1315 1402 1304 1408 1278 1402 1230 1391 1229 1391 1181 1400 1152 1408 1109 1408 1095 1398 1076 1389 1075 1389 1012 1389 1010 1389 1008 1389 1007 1389 996 1398 983 1406 900 1402 895 1397 886 1389 884 1389 882 1389 838 1389 836 1389 834 1389 832 1389 825 1395 814 1406 798 1395 785 1387 783 1387 781 1387 779 1387 777 1387 759 1395 735 1404 653 1402 642 1393 634 1387 632 1387 631 1387 629 1387 557 1391 557 1455"/></Shape>
	    <String CONTENT="Bernard-Henri Lévy et sorti le 22 février 2023."
                    HPOS="555"
                    VPOS="1387"
                    WIDTH="1374"
                    HEIGHT="101"></String>
          </TextLine>
          <TextLine ID="eSc_line_d1b48acf"
                    TAGREFS="LT67"
                    BASELINE="565 1615 2461 1622" 
                    HPOS="563"
                    VPOS="1549"
                    WIDTH="1898"
                    HEIGHT="121">
            <Shape><Polygon POINTS="1223 1670 1271 1650 1440 1642 1474 1640 1507 1642 1706 1651 1707 1651 1775 1640 1783 1640 2460 1640 2461 1622 2460 1569 2406 1556 2405 1556 2403 1556 2379 1567 2372 1571 2364 1567 2348 1560 2346 1560 2344 1560 2265 1565 2186 1573 1926 1571 1904 1562 1880 1554 1878 1554 1876 1554 1874 1554 1873 1554 1860 1562 1840 1574 1803 1574 1772 1562 1753 1554 1751 1554 1750 1554 1748 1554 1746 1554 1737 1560 1713 1574 1647 1574 1610 1560 1596 1554 1594 1554 1511 1554 1509 1554 1507 1554 1500 1558 1476 1571 1188 1571 1157 1554 1155 1554 1153 1554 1069 1552 1067 1552 1065 1552 1062 1554 1032 1571 986 1571 948 1552 944 1551 942 1551 941 1551 928 1552 867 1562 847 1551 845 1551 843 1551 759 1551 757 1551 755 1551 753 1551 722 1569 662 1560 660 1560 658 1560 629 1569 566 1549 565 1615 563 1642"/></Shape>
	    <String CONTENT="Le sujet du film est la guerre en Ukraine, tourné comme un carnet de"
                    HPOS="563"
                    VPOS="1549"
                    WIDTH="1898"
                    HEIGHT="121"></String>
          </TextLine>
          <TextLine ID="eSc_line_199314d7"
                    TAGREFS="LT67"
                    BASELINE="568 1708 2425 1699" 
                    HPOS="566"
                    VPOS="1640"
                    WIDTH="1859"
                    HEIGHT="98">
            <Shape><Polygon POINTS="568 1708 568 1730 1045 1728 1098 1732 1181 1738 1183 1738 1218 1732 1241 1728 1267 1732 1308 1738 1309 1738 1311 1738 1333 1732 1355 1727 1397 1732 1430 1736 1432 1736 1517 1732 1636 1727 1662 1732 1676 1736 1678 1736 1680 1736 1733 1732 1840 1725 1852 1732 1854 1734 1856 1734 1858 1734 1860 1736 2052 1736 2052 1734 2073 1732 2172 1723 2421 1732 2425 1699 2421 1661 2362 1661 2361 1659 2333 1642 2331 1642 2329 1642 2328 1642 2326 1642 2285 1659 2283 1659 2238 1640 2236 1640 2234 1640 2232 1640 2188 1659 2184 1659 2168 1659 2076 1651 2074 1651 2073 1651 2058 1657 2051 1661 2043 1657 2012 1642 2010 1642 2008 1642 2006 1642 1966 1657 1953 1661 1933 1657 1867 1644 1865 1644 1788 1655 1757 1661 1746 1655 1718 1642 1717 1642 1715 1642 1713 1642 1687 1655 1673 1664 1585 1664 1570 1655 1566 1651 1564 1651 1563 1651 1561 1651 1559 1651 1548 1655 1522 1662 1506 1655 1495 1650 1493 1650 1491 1650 1467 1653 1429 1662 1403 1653 1377 1644 1375 1644 1374 1644 1254 1646 1252 1646 1238 1653 1218 1662 1199 1653 1190 1646 1188 1646 1186 1646 1135 1646 1133 1646 1131 1646 1130 1646 1120 1651 1098 1664 922 1651 875 1648 873 1648 871 1648 869 1648 865 1650 840 1666 787 1650 777 1648 776 1648 774 1648 772 1648 765 1650 726 1662 700 1650 697 1648 695 1648 693 1648 691 1648 687 1650 667 1661 645 1650 642 1648 640 1648 638 1648 566 1648 568 1708"/></Shape>
	    <String CONTENT="bord des événements du second semestre 2022 ; il s&#x27;inscrit dans"
                    HPOS="566"
                    VPOS="1640"
                    WIDTH="1859"
                    HEIGHT="98"></String>
          </TextLine>
          <TextLine ID="eSc_line_3bcfec8c"
                    TAGREFS="LT67"
                    BASELINE="572 1789 2460 1783" 
                    HPOS="570"
                    VPOS="1723"
                    WIDTH="1890"
                    HEIGHT="93">
            <Shape><Polygon POINTS="572 1789 572 1816 2458 1815 2460 1783 2456 1743 2249 1741 2124 1725 2122 1725 2054 1739 2040 1741 1878 1739 1876 1738 1832 1723 1830 1723 1829 1723 1779 1725 1777 1725 1775 1725 1755 1738 1742 1745 1696 1745 1684 1736 1665 1725 1663 1725 1662 1725 1660 1725 1550 1736 1517 1738 1476 1734 1363 1725 1361 1725 1359 1725 1326 1734 1313 1736 1291 1734 1267 1730 1265 1730 1263 1730 1258 1732 1240 1743 1203 1732 1181 1727 1179 1727 1177 1727 1175 1727 1161 1732 1141 1741 1078 1741 1062 1732 1053 1727 1051 1727 1049 1727 1027 1730 997 1738 983 1730 974 1727 972 1727 875 1727 873 1727 871 1727 864 1730 843 1739 805 1730 794 1727 792 1727 790 1727 765 1728 645 1743 618 1728 614 1727 612 1727 610 1727 570 1727 572 1789"/></Shape>
	    <String CONTENT="la continuité du précédent documentaire Pourquoi l&#x27;Ukraine, qui"
                    HPOS="570"
                    VPOS="1723"
                    WIDTH="1890"
                    HEIGHT="93"></String>
          </TextLine>
          <TextLine ID="eSc_line_f714c6de"
                    TAGREFS="LT67"
                    BASELINE="563 1875 2386 1873" 
                    HPOS="561"
                    VPOS="1813"
                    WIDTH="1825"
                    HEIGHT="90">
            <Shape><Polygon POINTS="563 1875 563 1899 2383 1903 2386 1873 2383 1837 2313 1837 2274 1813 2272 1813 2271 1813 2195 1813 2194 1813 2192 1813 2190 1813 2164 1829 2139 1813 2137 1813 2135 1813 2098 1813 2096 1813 2095 1813 2045 1837 1931 1837 1874 1813 1873 1813 1825 1813 1823 1813 1821 1813 1819 1813 1781 1837 1588 1837 1552 1813 1550 1813 1548 1813 1414 1813 1412 1813 1410 1813 1408 1813 1370 1837 1192 1837 1023 1835 994 1818 992 1818 990 1818 988 1818 952 1833 919 1813 917 1813 915 1813 864 1813 862 1813 860 1813 827 1831 798 1813 796 1813 794 1813 642 1813 640 1813 638 1813 636 1813 605 1833 561 1837 563 1875"/></Shape>
	    <String CONTENT="relatait les premiers mois de l&#x27;invasion et qui a été diffusé"
                    HPOS="561"
                    VPOS="1813"
                    WIDTH="1825"
                    HEIGHT="90"></String>
          </TextLine>
          <TextLine ID="eSc_line_f075105b"
                    TAGREFS="LT67"
                    BASELINE="565 1956 931 1963" 
                    HPOS="563"
                    VPOS="1893"
                    WIDTH="368"
                    HEIGHT="101">
            <Shape><Polygon POINTS="565 1956 563 1976 748 1992 750 1994 801 1994 801 1992 803 1992 805 1992 805 1991 818 1980 928 1980 931 1963 931 1923 898 1923 897 1921 875 1899 875 1897 873 1897 871 1897 840 1895 838 1895 776 1906 741 1893 739 1893 737 1893 735 1893 733 1893 713 1912 706 1919 676 1919 665 1910 660 1904 658 1904 656 1904 654 1904 565 1904 565 1956"/></Shape>
	    <String CONTENT="sur Arte."
                    HPOS="563"
                    VPOS="1893"
                    WIDTH="368"
                    HEIGHT="101"></String>
          </TextLine>
          <TextLine ID="eSc_line_b7e2e217"
                    TAGREFS="LT67"
                    BASELINE="563 2113 869 2123 2509 2126" 
                    HPOS="563"
                    VPOS="2057"
                    WIDTH="1946"
                    HEIGHT="89">
            <Shape><Polygon POINTS="563 2113 563 2146 2507 2146 2509 2126 2507 2080 2317 2062 2315 2062 2313 2062 2289 2075 2118 2069 2117 2069 2087 2075 2034 2084 1977 2073 1911 2060 1909 2060 1907 2060 1884 2071 1865 2082 1843 2071 1829 2064 1827 2064 1825 2064 1823 2064 1807 2071 1779 2082 1722 2069 1691 2064 1689 2064 1687 2064 1673 2069 1636 2084 1528 2084 1495 2071 1493 2071 1491 2071 1408 2082 1361 2066 1355 2064 1353 2064 1352 2064 1350 2064 1346 2066 1311 2082 1223 2082 1175 2064 1161 2058 1159 2058 1064 2058 1062 2058 1060 2058 1053 2062 1018 2082 981 2082 942 2060 939 2058 937 2058 876 2058 875 2058 873 2058 869 2060 809 2080 719 2077 678 2057 676 2057 675 2057 563 2057 563 2113"/></Shape>
	    <String CONTENT="En 2023, Slava Ukraini sera suivi d&#x27;un troisième documentaire :"
                    HPOS="563"
                    VPOS="2057"
                    WIDTH="1946"
                    HEIGHT="89"></String>
          </TextLine>
          <TextLine ID="eSc_line_aba51d25"
                    TAGREFS="LT67"
                    BASELINE="579 2207 2344 2207" 
                    HPOS="579"
                    VPOS="2156"
                    WIDTH="1765"
                    HEIGHT="89">
            <Shape><Polygon POINTS="579 2207 579 2238 1119 2233 1208 2242 1251 2245 1252 2245 1254 2245 1256 2245 1260 2242 1276 2233 1421 2242 1423 2242 1425 2242 1518 2233 1542 2242 1544 2242 2342 2245 2344 2207 2342 2157 2214 2170 2184 2157 2183 2157 2181 2157 2179 2157 2177 2157 2175 2157 2135 2176 1896 2176 1851 2159 1836 2156 1834 2156 1832 2156 1803 2161 1728 2174 1698 2161 1685 2156 1684 2156 1682 2156 1680 2156 1669 2161 1645 2174 1597 2172 1583 2161 1574 2156 1572 2156 1570 2156 1568 2156 1566 2156 1548 2161 1511 2176 1456 2176 1436 2163 1427 2156 1425 2156 1423 2156 1421 2156 1419 2156 1397 2163 1363 2174 1137 2174 1122 2165 1113 2161 1111 2161 1109 2161 1108 2161 1098 2165 1076 2176 937 2176 922 2167 917 2163 915 2163 913 2163 911 2163 878 2167 834 2172 816 2167 781 2156 779 2156 599 2156 598 2156 596 2156 594 2156 579 2165 579 2207"/></Shape>
	    <String CONTENT="L&#x27;Ukraine au cœur, réalisé par la même équipe sous la"
                    HPOS="579"
                    VPOS="2156"
                    WIDTH="1765"
                    HEIGHT="89"></String>
          </TextLine>
          <TextLine ID="eSc_line_57e3e90f"
                    TAGREFS="LT67"
                    BASELINE="568 2289 1651 2295" 
                    HPOS="566"
                    VPOS="2233"
                    WIDTH="1085"
                    HEIGHT="107">
            <Shape><Polygon POINTS="566 2313 1623 2340 1651 2295 1649 2260 1610 2260 1610 2258 1590 2242 1588 2242 1586 2242 1585 2242 1583 2242 1533 2256 1513 2238 1513 2236 1511 2236 1509 2236 1507 2236 1506 2236 1504 2236 1504 2238 1482 2258 1480 2258 1401 2258 1401 2256 1381 2238 1381 2236 1379 2236 1377 2236 1324 2236 1322 2236 1320 2236 1319 2236 1319 2238 1300 2256 1297 2258 1278 2258 1276 2255 1256 2236 1256 2234 1254 2234 1252 2234 1251 2234 1249 2234 1212 2255 1208 2256 1157 2256 1155 2255 1137 2240 1135 2240 1133 2240 1131 2240 1130 2240 1093 2253 1075 2236 1075 2234 1073 2234 1071 2234 1012 2234 1010 2234 1008 2234 1007 2234 1007 2236 988 2253 985 2258 955 2258 950 2253 931 2234 931 2233 930 2233 928 2233 902 2233 900 2233 898 2233 897 2233 871 2251 865 2256 821 2256 818 2251 803 2238 803 2236 801 2236 799 2236 798 2236 796 2236 794 2236 779 2247 761 2233 759 2233 757 2233 755 2233 753 2233 687 2249 667 2255 658 2249 627 2233 625 2233 623 2233 621 2233 568 2247 568 2289"/></Shape>
	    <String CONTENT="direction de Bernard-Henri Lévy."
                    HPOS="566"
                    VPOS="2233"
                    WIDTH="1085"
                    HEIGHT="107"></String>
          </TextLine>
          <TextLine ID="eSc_line_dc849c8d"
                    TAGREFS="LT67"
                    BASELINE="566 2462 2219 2458" 
                    HPOS="565"
                    VPOS="2390"
                    WIDTH="1654"
                    HEIGHT="135">
            <Shape><Polygon POINTS="566 2484 625 2495 627 2495 755 2486 770 2495 772 2495 774 2495 776 2495 823 2486 842 2482 1252 2482 1271 2486 1359 2497 1361 2497 1416 2486 1438 2482 1801 2482 1821 2486 1862 2495 1863 2497 1924 2497 1924 2495 1926 2495 1928 2495 1940 2486 1944 2484 1972 2486 2054 2495 2095 2525 2219 2486 2219 2458 2216 2414 2137 2412 2089 2396 2087 2396 2085 2396 2084 2396 2054 2410 2043 2416 1983 2410 1895 2401 1893 2401 1891 2401 1874 2409 1860 2416 1792 2407 1724 2399 1722 2399 1720 2399 1698 2407 1671 2416 1656 2405 1634 2390 1632 2390 1630 2390 1629 2390 1627 2390 1625 2390 1601 2405 1586 2414 1566 2405 1550 2398 1548 2398 1546 2398 1544 2398 1542 2398 1533 2405 1524 2410 1208 2418 1153 2399 1128 2390 1126 2390 1124 2390 1069 2396 1067 2396 1065 2396 1064 2398 1036 2412 997 2412 974 2396 964 2390 963 2390 961 2390 875 2390 873 2390 871 2390 869 2390 864 2396 827 2420 807 2420 755 2394 748 2390 746 2390 744 2390 715 2394 660 2399 649 2392 647 2390 645 2390 643 2390 642 2390 565 2390 566 2462"/></Shape>
	    <String CONTENT="Le titre Slava Ukraini reprend la devise patriotique"
                    HPOS="565"
                    VPOS="2390"
                    WIDTH="1654"
                    HEIGHT="135"></String>
          </TextLine>
          <TextLine ID="eSc_line_10458a45"
                    TAGREFS="LT67"
                    BASELINE="570 2544 1474 2542 1685 2552" 
                    HPOS="570"
                    VPOS="2486"
                    WIDTH="1115"
                    HEIGHT="100">
            <Shape><Polygon POINTS="570 2585 658 2572 682 2583 684 2583 686 2583 915 2570 1005 2570 1020 2583 1020 2585 1021 2585 1023 2585 1025 2586 1076 2586 1076 2585 1078 2585 1080 2585 1080 2583 1082 2583 1095 2570 1243 2583 1282 2585 1284 2585 1286 2585 1297 2583 1320 2575 1682 2579 1685 2552 1684 2513 1526 2506 1500 2486 1498 2486 1496 2486 1421 2486 1419 2486 1418 2486 1416 2486 1416 2487 1394 2508 1335 2486 1333 2486 1331 2486 1330 2486 1328 2486 1328 2487 1304 2509 1302 2511 1298 2509 1263 2487 1262 2487 1260 2487 1258 2487 1256 2487 1254 2487 1232 2508 1227 2513 1152 2513 1146 2508 1126 2487 1126 2486 1124 2486 1122 2486 1032 2486 1031 2486 1029 2486 1027 2486 1027 2487 1007 2506 999 2511 917 2506 810 2497 809 2497 807 2497 790 2504 785 2506 675 2504 675 2502 632 2486 631 2486 583 2486 581 2486 579 2486 577 2486 577 2487 570 2495 570 2544"/></Shape>
	    <String CONTENT="ukrainienne Gloire à l&#x27;Ukraine."
                    HPOS="570"
                    VPOS="2486"
                    WIDTH="1115"
                    HEIGHT="100"></String>
          </TextLine>
        </TextBlock>
      </PrintSpace>
    </Page>
  </Layout>
</alto>
