2550 3300
1911 75 484 91 wikitexte 0257

275 214 2049 105 Nová Lhota (en allemand : Neu Lhotta) est une commune

258 330 2124 96 du district de Hodonin, dans la région de Moravie-du-Sud,

280 440 2118 101 en Tchéquie. Sa population s'élevait à 656 habitants en 2020.

266 566 2118 110 La maison pompéienne, parfois appelée palais pompéien, était

258 682 2121 104 l'hôtel particulier du prince Jérôme Napoléon à Paris dans

266 797 2116 102 le style de la villa de Diomède à Pompéi. Il était situé

236 929 1703 88 au 16-18, avenue Montaigne de 1860 à 1891.

242 1039 1994 107 Seuls sont les indomptés (Lonely Are the Brave) est un

266 1155 2039 93 film américain de David Miller, sorti en 1962. C'est

247 1262 2038 121 l'adaptation du roman The Brave Cowboy (en) d'Edward

261 1388 1923 105 Abbey (1956), faite par le scénariste Dalton Trumbo.

297 1509 1884 94 L'histoire sé déroule durant les années 1960 au

275 1619 1878 119 Nouveau-Mexique. L'acteur Kirk Douglas y joue le rôle

269 1751 2044 99 principal du cow-boy John W. Burns, qui ne veut pas se

272 1872 2066 88 soumettre aux contraintes du monde moderne. De tous ses

291 1977 1978 104 films comme acteur, c'est le film préféré de Kirk

250 2081 341 124 Douglas.
