2550 3300
255 275 1863 126 J'ai lu les conditions de participation et j'y

255 410 2016 107 consens. Je comprends que mon manuscrit sera

238 505 2049 129 anonymisé et utilisé par BAnQ pour des activités

240 625 1886 121 de recherche et développement et qu'il pourra

231 734 2001 114 aussi être publié et partagé sous licence CC-BY

251 845 2254 112 pour être utilisé librement à des fins non commerciales.

249 1072 1913 97 La deuxieme saison de Fiebre de Viña est

236 1178 1903 103 diffusée au Chili par Chilevisión entre le 23

245 1290 1960 108 février 2013 et le 2 mars 2013 et été présenté

249 1405 2102 111 par Cristián Sánchez, Carolina de Moras et Américo.

243 1618 2068 112 Petrus Erasmus van Zyl, né le 14 septembre 1989,

242 1730 2003 118 est joueur international sud-africain de rugby à

236 1845 1840 126 XV qui joue comme demi de mêlée pour le

247 1960 630 105 Stade français.

243 2176 2099 102 Jean-Frédéric de Holstein-Gottorp (en allemand

244 2285 2063 118 Johann Friedrich von Schleswig-Holstein-Gottorf),

239 2389 2154 132 né le 1er septembre 1579 à Gottorp (Schleswig-Holstein),

243 2504 1976 110 décédé le 3 septembre 1634 à Buxtehude. Il

260 2618 2009 130 fut Prince-Archevêque de Brême, Prince-évêque

258 2731 1747 108 de Lübeck et Prince-évêque de Verden.

1818 49 546 101 wikitexte_0221
