2550 3300
381 407 1873 102 J'ai lu les conditions de participation et j'y consens. Je comprends

370 520 1846 111 que mon manuscrit sera anonymisé et utilisé par BAnQ pour

372 612 1945 101 des activités de recherche et développement et qu'il pourra aussi

383 720 1961 131 être publié et partagé sous licence CC-BY pour être utilisé librement

385 810 840 104 à des fins non commerciales.

372 1046 1884 137 Adams Tidjani, né en 1957 à Dakar au Sénégal, est  un enseignant-

359 1145 1865 121 chercheur à la Faculté des sciences et techniques de l’université

363 1259 1757 90 Cheikh-Anta-Diop (UCAD) de Dakar. Il est connu pour son

370 1360 1712 159 engagement dans la lutte pour la préservation de la planète.

368 1571 1857 90 En 2022 et 2023, il reçoit le titre de meilleur chercheur de l'UCAD

372 1668 1774 123 par  l’AD Scientific Index (Alper-Doger Scientific Index) qui est un

379 1778 1683 117 système de classement et d’analyse basé sur la performance

372 1877 1790 99 scientifique et la valeur ajoutée de la productivité scientifique des

366 1985 1081 86 chercheurs des institutions de recherche.

376 2186 1794 107 Damir Ravilievitch Jafiarov - en russe : - - - et en anglais :

377 2289 1868 109 Damir Zhafyarov - (né le 17 mars 1994 à Moscou en Russie) est un

381 2399 1897 122 joueur professionnel russe de hockey sur glace. Il évolue au poste d'ailier.

376 2599 1944 110 Marzena Sowa (prononciation : « [ma-ena sova] ») est une scénariste

383 2698 1926 123 de bande dessinée polonaise née à Stalowa Wola (Basses-Carpates, Pologne)

390 2808 472 97 le 8 avril 1979.

1924 69 453 94 wikitexte_0169
