2550 3300
473 288 1705 138 J'ai lu les conditions de participation et j'y consens.

445 415 1756 134 Je comprends que mon manuscrit sera anonymisé et utilisé

431 517 1820 141 par BAnQ pour des activités de recherche et développement

453 630 1763 132 et qu'il pourra aussi être publié et partagé sous licence

438 723 1847 137 CC-BY pour être utilisé librement à des fins non commerciales.

445 832 1706 136 Willie DeVale Kemp, né le 1er janvier 1987 à Bolivar

449 942 1657 132 au Tennessee, est un joueur américain de basket-ball.

442 1032 1700 148 Wonder Girl est le nom porté par trois super-héroïnes

443 1149 1758 92 de l'univers DC Comics. Il s'agit dans tous les cas d'une

438 1252 1789 133 version adolescente de Wonder Woman, et ayant un lien avec

443 1336 1758 151 celle-ci, qui n'a été précisé clairement que très tard dans

440 1444 1706 118 la série. Elle a été créée par Robert Kanigher en 1958

421 1562 1751 134 dans Wonder Woman #105 vol 1. Cependant, il s'agit d'un

432 1656 1723 141 personnage très distinct du personnage adulte, ne serait-ce

432 1762 1670 152 que par le look, qui diffère malgré quelques similitudes.

442 1863 1653 149 Toutes les Wonder Girl qui se sont suivies ont été membres

443 1987 1662 92 des Teen Titans. En novembre 2007 Wonder Girl connait

432 2084 1573 158 sa propre série par J. Torres, Sanford Greene &

418 2187 526 126 Nathan Massengill.

421 2277 1668 139 L'Agefi est un journal bihebdomadaire suisse fondé par

418 2388 1726 120 Jean Hussard en 1950 et traitant prioritairement d'économie,

416 2483 1757 149 de finance et de politique. Il est édité par la société Nouvelle

418 2594 1143 153 Agence Économique et Financière SA.

1979 139 415 82 Wikitexte_0019
