2550 3300
229 257 2106 231 J'ai lu les conditions de participation et j'y consens.

228 408 2131 190 Je comprends que mon manuscrit sera anonymisé et

253 536 2255 157 >< utilisé par BAnQ pour des activités de recherche

273 648 1943 145 et développement et qu'il pourra aussi être

295 778 2054 170 publié et partagé sous licence CC-BY pour

343 886 2161 137 être utilisé librement à des fins non commerciales.

306 1101 2106 197 James McAulay est un footballeur international

328 1252 2014 124 écossais, né le 28 août 1860, à Bonhill, West

319 1372 1975 155 Dunbartonshire et décédé le 13 janvier 1943 .

341 1494 2067 166 Évoluant principalement au poste de gardien de

313 1585 1829 188 but, il est particulièrement connu pour ses

319 1738 1125 107 saisons à >< Dumbarton.

321 1911 2034 216 Il compte neuf sélections pour un but inscrit en

344 2091 747 129 équipe d'Écosse.

310 2270 2049 177 L'Université de Saint-Boniface (USB) est un

324 2431 1904 177 établissement d’enseignement supérieur de

313 2539 1970 179 langue française situé dans la province du

326 2674 945 125 Manitoba au Canada.

308 2862 1999 210 Lumbin est une commune française située dans

317 3025 1774 165 le département de >< l'Isère en région

1869 38 539 106 wikitexte_0163
