2550 3300
1838 190 611 96 wikitexte_0092

236 292 2007 134 L'Assistant du vampire (Cirque du Freak: The

243 429 2037 103 Vampire's Assistant) est un film américain

238 542 1992 108 réalisé par Paul Weitz en 2009, d'après la

238 671 1970 110 série romanesque L'Assistant du vampire

234 782 2070 107 écrite par Darren Shan (en  tomes), et sorti

232 914 419 81 en 2009.

234 1019 2005 103 Christian Annan, né le 3 mai 1978 à Accra

243 1125 2144 131 au Ghana, est un footballeur international

236 1263 2066 131 hongkongais d'origine ghanéenne au poste

243 1384 659 103 d'attaquant.

242 1462 2103 146 Il compte 10 sélections en équipe nationale

232 1613 2083 127 depuis 2014. Il joue actuellement pour

249 1725 1684 134 le club hongkongais du Kitchee.

223 1840 2134 143 Gerard Krüger est un philosophe allemand,

234 1959 2139 127 né le 30 janvier 1902 à Berlin-Wilmersdorf

238 2086 2113 103 et décédé le 14 février 1972 à Baden-Baden.

243 2203 2095 118 Élève de Nicolai Hartmann  et de Heidegger,

238 2317 1846 119 il fut l’ami de Rudolf Bultmann, de

243 2414 2092 171 Hans-Georg Gadamer, de Karl Löwith et de

242 2559 2073 108 Leo Strauss. Il se convertit au catholicisme

236 2661 2009 164 après avoir des échanges approfondis avec

236 2790 1860 127 le cardinal et théologien catholique

249 2876 939 132 Romano Guardini.
