2550 3300
38 315 2433 140 J'ai lu les conditions de participation et j'y consens. Je comprends que mon manuscrit sera anonymis

42 416 2427 145 et utilisé par BAnQ pour des activités de recherche et développement et qu'il pourra aussi être publié e

36 507 2002 137 partagé sous licence CC-BY pour être utilisé librement à des fins non commerciales.

30 684 2420 105 Chote Praepan (thai : - -, RTGS : Chot Phraephan) (15 mai 1907 - 5 mai 1956), connu également sou

27 788 2357 90 le nom de plume “-” (" Ya Khop "ou Jacob), est un écrivain et journaliste thaïlandais. Ses œuvres

25 881 2446 109 principales sont Phu Chana Sib Thit (Le conquérant dans dix directions), la nouvelle Phuean Phaeng (Ch

29 973 2436 110 ami), le roman Sam Kok Chabap Waniphok (Le roman des trois royaumes par un vagabond), l’essai S

25 1070 1106 90 Nai Muek (Les trésors dans les lettres), etc.

29 1254 2438 122 Marc Viénot (né le 1er novembre 1928 à Paris et mort le 28 janvier 2019) est un haut fonctionnaire

38 1362 813 117 et dirigeant de banque français.

27 1532 1785 132 Cet article présente la liste des sites mégalithiques de la Loire, en France.

27 1732 2308 142 Le Pianet est une série de pianos électriques construits par la compagnie Hohner de Trossingen

18 1820 2427 116 (Allemagne de l'Ouest) pendant les années 1950 à 1983. Les premiers modèles ont été conçus

42 1919 1722 112 (Allemagne de l'Ouest) pendant les années 1950 à 1983. Les premiers modèles ont été conçus

1997 73 477 88 wikitexte_0007
