2550 3300
1926 16 572 77 wikitexte_0230

249 196 2007 162 We Made You est le premier single extrait de

260 320 2137 135 l'album Relapse du rappeur américain Eminem en duo

243 434 2140 137 avec Charmagne Tripp. Le single, produit par Dr. Dre,

240 561 2139 88 Eminem et Doc Ish, est sorti le 5 avril 2009

238 672 2212 99 avec un vidéo->< clip,. Eminem a interprété cette chanson

242 795 2203 90 avec Crack a Bottle aux MTV Movie Awards de 2009.

240 914 2066 145 Dans la chanson, le rappeur évoque de nombreuses

236 1006 2119 132 célébrités telles que Jessica Simpson, Bret Michaels,

240 1112 2192 200 Britney Spears, Kevin Federline, Lindsay Lohan, Samantha

238 1235 2036 206 Ronson, Amy Winehouse, Ellen DeGeneres, Portia

243 1382 2132 182 de Rossi, Jessica Alba, Lisa Ann, Elvis Presley, Tony

239 1490 2156 156 Romo, John Mayer, Jennifer Aniston, Jason Mraz >< et

236 1617 2187 101 Kim Kardashian. Keltie Hansen (né le 13 mai 1992) est

233 1749 2058 147 une skieuse acrobatique canadienne. Elle a gagné

238 1851 1912 116 une médaille de bronze de half-pipe lors du

242 1976 1994 135 Championnats du monde de ski acrobatique 2011.

242 2074 2089 118 Richmond est une ville américaine (town) située dans

236 2196 2174 189 le comté de Washington, dans l'État de Rhode

234 2294 2061 191 Island. Palpimanus aegyptiacus est une espèce

236 2414 1848 191 d'araignées aranéomorphes de la famille des

247 2566 606 114 Palpimanidae.
