2550 3300
387 346 1791 110 Zahra Tatar (née le 30 novembre 1992)

365 445 1522 103 est une athlète algérienne,

366 528 1701 127 spécialiste du lancer du

365 608 596 90 marteau.

368 760 1660 96 Jérôme Accoramboni (en italien :

366 848 1747 92 Gerolamo ou Girolamo ou ><

354 927 2166 117 Hieronymi Accoramboni ou Accoromboni)

359 1017 2058 103 est un médecin italien né à Gubbio

348 1100 1961 93 en Ombrie en >1449< et mort à Rome le

348 1180 730 112 21 février 1537.

359 1310 1822 127 Manuel José Soares dos Reis est un

363 1415 1865 138 <>footballeur portugais né le

387 1490 1835 113 11 mars 1910 à Penafiel et mort

376 1575 1933 119 le 15 avril 1990. Il évoluait au

338 1677 1270 155 poste de gardien de but.

293 1798 2233 187 Le i décimal accent aigu (majuscule

338 1922 1656 107 : -, minuscule : -) est une lettre

388 2005 2050 167 de l'alphabet cyrillique utilisée en

354 2091 774 96 vieux-slave.

352 2203 2012 183 Brian Jacks, né le 5 octobre 1946 à

354 2323 2171 158 Londres, est un judoka britannique.

333 2425 1941 133 Il participe aux Jeux olympiques

333 2506 2116 123 d'été de 1972 dans la catégorie des

361 2583 2130 119 poids moyens et remporte la médaille

344 2654 580 130 de bronze.

346 2758 1989 166 Philippe Vannier, <> né le 12 mars

344 2898 1718 117 1960 à >p< Paris, est un homme

319 2977 1981 130 d'affaires français, président du

306 3076 2089 97 Directoire de Crescendo Industries. Il

304 3160 1791 103 est également l'ancien président

1529 21 796 133 Wikitexte_0241
