2550 3300
352 226 1790 194 J'ai lu les conditions de participation et j'y consens.

365 382 1989 151 Je comprends que mon manuscrit sera anonymisé et utilisé

371 489 2002 107 par BAnQ pour des activités de recherche et développement

374 582 1881 148 et qu'il pourra aussi être publié et partagé sous licence

327 715 2030 134 CC-BY pour être utilisé librement à des fins non commerciales.

338 902 2024 145 Le sertindole est un médicament neuroleptique antipsychotique.

349 1027 1914 125 Il a été mis au point par le laboratoire pharmaceutique

357 1144 1926 126 danois H. Lundbeck  A/S et commercialisé sous licence par

365 1281 1849 99 les Laboratoires Abbott sous les noms de Serdolect et

374 1399 1964 145 Serlect. Comme d'autres antipsychotiques atypiques, il a

365 1520 1984 147 une activité antagoniste des récepteurs dopaminergiques D2

365 1622 1937 147 et sérotoninergiques 5-HT2. Il est utilisé dans le traitement

357 1740 1882 119 de la schizophrénie. Chimiquement, il est classé comme un

354 1850 817 148 dérivé de phénylindole.

374 2076 1815 99 William Graves Sharp, né le 14 mars 1859 à Mount

385 2186 1962 142 Gilead (Ohio) et mort le 17 novembre 1922 à Elyria (Ohio),

393 2307 1835 131 est un avocat, homme d'affaires, politique et diplomate

409 2393 1887 123 américain, membre du Parti démocrate. Il est notamment

407 2532 1928 129 représentant au Congrès des États-Unis de 1909 à 1914 et

393 2642 1906 99 ambassadeur des États-Unis en France au cours de la

381 2732 1521 180 Première Guerre mondiale, entre 1914 et 1919.

1895 55 588 137 Wikitexte_0234
