2550 3300
247 239 2137 127 J'ai lu les conditions de participation et j'y consens. Je comprends que mon manuscrit sera

255 416 2173 106 anonymisé et utilisé par BAnQ pour des activités de recherche et développement et qu'il

262 528 1996 122 pourra aussi être publié et partagé sous licence CC-BY pour être utilisé

255 654 1047 92 librement à des fins non commerciales.

249 784 2108 121 Henri Dénéchau est un prélat catholique français né le 19 décembre 1832

256 933 1340 101 à Trémentines et mort le 18 avril 1908 à Tulle.

253 1078 2249 159 Daniil Iourievitch Apalkov - en russe : - - - - (né le 1er janvier 1992 à Magnitogorsk

253 1210 2091 102 en Russie) est un joueur professionnel russe de hockey sur glace. Il évolue au

251 1332 526 92 poste d'attaquant.

247 1449 2069 115 Atiq Rahimi (dari : - -), né le 26 février 1962 à Kaboul, Afghanistan, est

256 1640 2202 101 un romancier et réalisateur de double nationalité française et afghane. Il a reçu

245 1771 2149 104 le prix Goncourt le 10 novembre 2008 pour son roman Syngué sabour. Pierre

232 1919 384 84 de patience.

227 2093 2121 86 The Pinch Hitter est un film américain réalisé par Victor Schertzinger

227 2225 503 88 et sorti en 1917.

236 2374 2073 128 Sarangkot (en népalais : -) est un comité de développement villageois du

231 2522 2137 127 Népal situé dans le district de Kaski. Au recensement de 2011, il comptait

242 2713 442 81 8 354 habitants.

2021 44 435 78 wikitexte_0070
