2550 3300
251 287 2000 119 J'ai lu les conditions de participation

240 412 2001 132 et j'y consens. Je comprends que mon

231 517 2079 117 manuscrit sera anonymisé et utilisé

240 619 2043 139 par BAnQ pour des activités de recherche

231 735 2036 123 et développement et qu'il pourra aussi

214 844 2187 104 être publié et partagé sous licence CC-BY

220 955 1981 142 pour être utilisé librement à des fins

199 1076 1019 82 non commerciales.

229 1171 2001 132 Zoltán Tildy (Losonc, 18 novembre 1889 -

227 1258 1978 128 Budapest, 3 août 1961) est un homme

236 1400 2062 122 politique hongrois qui fut le dernier premier

203 1501 2239 116 ministre du Royaume de Hongrie en 1945 et 1946,

203 1618 2071 145 puis le premier président de la République

200 1735 1384 102 de Hongrie en 1946-1948.

220 1837 2217 107 Kigeli III Ndabarasa est un roi (mwami)

214 1943 2152 137 du Rwanda qui régna à la fin du XVIIIe

207 2058 2231 116 siècle, après Cyirima II Rujugira. Il serait

225 2175 1711 102 mort vers 1792 (+ ou - 10 ans).

234 2284 2027 138 Mibambwe III Sentabyo lui succéda.

234 2399 2169 96 Caius Licinius Macer est un historien

218 2515 2086 95 romai, né vers 105 av. J.-C., mort en 66

223 2632 468 83 av. J.-C.

236 2740 2196 107 Missulena ignea est une espèce d'araignées

231 2849 2263 142 mygalomorphes de la famille des Astinopodidae.

1738 96 707 99 wikitexte_0059
