2550 3300
244 407 1863 121 J'ai lu les conditions de participation et j'y

258 530 1942 94 consens. Je comprends que mon manuscrit sera

233 638 1926 112 anonymisé et utilisé par BAnQ pour des activités

233 745 1973 113 de recherche et développement et qu'il pourra

228 855 2027 110 aussi être publié et partagé sous licence CC-BY

217 968 2041 123 pour être utilisé librement à des fins non commerciales.

258 1086 1917 107 Fri-rik -ór Fri-riksson (ou Fridrik Thor Fridriksson)

236 1204 2019 105 est un réalisateur, scénariste, acteur et producteur de

203 1317 2019 102 cinéma islandais né le 12 mai 1953 à Reykjavik.

199 1435 2059 105 Bernis est une entreprise de transport en fret et en messagerie

198 1537 1887 118 dont le siège social se situe à Limoges et possédant

198 1666 1889 102 plusieurs autres sites comme Angoulême, Bourges, Brive,

195 1768 2066 115 Châteauroux, Guéret, Périgueux, Dissay (Chaveneau Bernis)

192 1882 2071 127 et Poitiers. La société fait partie du groupe Geodis, auquel

198 1999 2013 102 elle est intégrée. Son réseau est souvent complété par

209 2113 1981 96 celui de France Express. La paroisse de Saint-Basile

199 2227 2048 110 est à la fois une paroisse civile et un district de services

199 2341 1962 95 locaux (DSL) canadien du comté de Madawaska, au nord-

201 2462 1952 86 ouest du Nouveau-Brunswick. (80008) Danielhodes est un

210 2572 1996 93 astéroïde de la ceinture principale. Jochen Lettmann, né

203 2680 1941 106 le 10 avril 1969 à Duisbourg, est un kayakiste allemand

203 2794 853 101 pratiquant le slalom.

1656 155 640 101 wikitexte_0251
