2550 3300
1600 41 619 107 wikitexte_0194

231 258 2164 129 J'ai lu les conditions de participation et j'y consens.

234 392 2072 104 Je comprends que mon manuscrit sera anonymisé

232 493 2165 110 et utilisé par BAnQ pour des activités de recherche

236 605 1923 107 et de développement et qu'il pourra aussi être

222 717 2014 135 publié et partagé sous licence CC-BY pour être

225 836 2049 102 utilisé librement à des fins non commerciales.

242 1045 1930 119 Le North American Nanohertz Observatory for

218 1167 2064 109 Gravitational Waves (NANOGrav) est un consortium

214 1276 2143 132 d'astronomes qui partagent l'objectif de détecter

217 1394 2220 115 des ondes gravitationnelles à l'aide d'observations

222 1509 1860 119 régulières des fluctuations de rotation d'un

222 1628 1450 101 ensemble de pulsars millisecondes.

221 1846 2088 121 Ces observations ont été ou sont effectuées avec le

214 1949 2096 132 télescope de Green Bank, l'observatoire d'Arecibo,

222 2070 2124 135 le Very Large Array et CHIME. Les futurs plans

220 2194 1933 105 d'observation incluent jusqu'à 25 % du temps

228 2293 1945 135 total du Deep Synoptic Array 2000 (DSA2000).

242 2532 2032 127 Ce projet est réalisé en collaboration avec des

217 2634 2145 132 partenaires internationaux du Parkes Pulsar Timing

209 2758 2148 132 Array en Australie, du Pulsar Timing Array européen

214 2871 2077 137 (en) et du Pulsar Timing Array indien (d) dans
