2550 3300
403 401 1961 119 Antoni Lange (date de <> naissance supposée :

401 489 1795 92 1861 et 1863 - mort le 17 mars 1929, né et

388 549 2044 155 mort à Varsovie, Pologne), était un multilingue

394 656 1616 101 (15 langues), écrivain, poète, <>

410 742 2031 100 dramaturge polonais. Le pionnier du <>

409 803 1878 118 décadentisme et du parnasse. Traducteur

409 880 2065 132 de Gustav Meyrink, Edgar Allan Poe, littérature

396 989 2031 96 française (Charles Baudelaire, Arthur Rimbaud,

396 1068 1911 94 Jean Moreas, Gustave Flaubert, Théodore de

409 1147 2025 90 Banville, Leconte de Lisle) et littérature orientale

398 1230 1891 108 (sanskrit, Épopée de Gilgamesh). Expert de

412 1321 1571 98 romantisme, spiritisme et bouddhisme.

405 1464 1655 116 Il était ami de Stéphane Mallarmé,

410 1565 1875 126 W-adys-aw Reymont, François Grzyma-a

423 1644 905 134 et de Julius Zeyer.

392 1771 1961 144 Aime- comme minet est un film pornographique

401 1897 1958 101 <> gay de Jean-Daniel Cadinot sorti en 1982.

396 2062 1897 119 Le pekmez est un sirop foncé (ou mélasse) de

487 2138 1804 144 <> fruit typique de la cuisine turque.

388 2304 1886 105 Les élections législatives françaises de 1981 en

412 2390 1818 107 Tarn-et-Garonne se déroulent les 14 et 21

401 2464 597 134 juin <> 1981.

405 2612 2011 121 Noël Jourda, comte de Vaux, seigneur d'Artias

418 2713 1950 97 et de Retournac, est un militaire français du

401 2801 1939 97 XVIIIe <> siècle, maréchal de <> France,

412 2880 2004 97 né le 12 mars 1705 au <> château de

399 2957 1954 102 Vaux à <> Saint-Julien-du-Pinet (Haute-Loire

383 3050 2040 97 actuelle) et mort le 14 septembre 1788 à Grenoble.

1779 46 638 99 wikitexte_0244
