2550 3300
1630 117 764 101 wikitexte_0029

189 234 2202 158 J'ai lu les conditions de participation et j'y

194 337 2159 156 consens. Je comprends que mon manuscrit sera

201 443 2057 140 anonymisé et utilisé par BAnQ pour des

203 551 2275 164 activités de recherche>< et développement et qu'il

203 659 2279 182 pourra aussi être publié et partagé sous licence

203 803 2113 132 CC-BY pour être utilisé librement à des fins

183 927 796 96 non commerciales.

168 1039 2263 169 Le prix Marcel Thiry est un prix littéraire annuel

181 1155 2228 177 instauré par la ville de Liège, soucieuse d'honorer

198 1283 1997 162 la mémoire du poète, romancier, essayiste

223 1389 2194 171 et homme politique Marcel Thiry dont elle conserve

188 1521 1497 158 la bibliothèque et les archives.

189 1625 2196 175 Ce prix annuel, dont le premier lauréat a été

187 1746 2171 163 récompensé en 2001, récompense alternativement

170 1868 2172 171 une œuvre poétique (année impaire) et une œuvre

181 1979 2198 173 romanesque (année paire) déjà éditée. Le prix est

177 2105 1492 132 doté d'un montant de 2 479 €.

199 2231 2141 157 Le jury est composé de douze membres désignés

214 2350 1961 170 par le collège communal de la ville de Liège.

247 2475 1925 149 (611) Valéria est un astéroïde de la ceinture

227 2578 2156 192 principale découvert par Joel Hastings Metcalf le

203 2706 859 134 24 septembre 1906.

192 2794 2009 178 Le  Grand Prix moto du Japon 2000 est la

210 2918 2073 164 troisième manche du championnat du monde de
