2550 3300
1610 20 545 99 wikitexte_0190

139 165 2200 159 J'ai lu les conditions de participation et j'y consens.

110 315 2258 157 Je comprends que mon manuscrit sera anonymisé et

108 430 2126 114 utilisé par BAnQ pour des activités de recherche et

82 513 2207 200 développement et qu'il pourra aussi être publié et

108 674 2004 143 partagé sous licence CC-BY pour être utilisé

121 763 1772 195 librement à des fins non commerciales.

99 999 2034 201 Australian Rugby >< League est un jeu

99 1124 2376 203 vidéo de rugby à XIII sorti en 1994 sur Mega Drive.

93 1233 2211 178 Le jeu a été développé par Electronic Arts et édité

99 1375 693 134 par EA Sports.

102 1595 2235 199 Le jeu est basé sur Rugby World Cup 1995 mais

104 1721 2313 201 utilise les règles du rugby à XIII au lieu de

139 1851 1132 180 celles du rugby à XV.

133 2027 2299 238 Contessa Brewer est une journaliste américaine née

135 2185 2266 192 le 16 mars 1974 à Parsonsfield, dans l'État du

157 2322 2134 194 Maine. Elle présente le journal télévisé et

135 2447 2282 175 l'émission Weekend Today in New York sur

155 2572 2261 112 WNBC, station de télévision mère du réseau

155 2672 2295 166 NBC, et anime l'émission Caught on Camera

170 2783 2291 201 sur la chaîne d'information en continu MSNBC.
