2550 3300
234 214 2103 139 J'ai lu les conditions de participation et j'y consens. Je

256 342 2105 129 comprends que mon manuscrit sera anonymisé et utilisé

253 456 2135 141 par BAnQ pour des activités de recherche et développement

255 580 2160 126 et qu'il pourra aussi être publié et partagé sous licence

264 683 2214 136 CC-BY pour être utilisé librement à des fins non commerciales.

249 900 2211 159 Domenico Failutti (Zugliano, Pozzuolo del Friuli, 1872 - -dine,

258 1036 2151 141 1923) est un peintre italien, avec une formation académique

275 1155 2148 151 classique, qui se distingue par ses portraits. Il réalise des

282 1281 2163 136 travaux dans plusieurs pays d'Europe et d'Amerique, parmi

264 1380 2104 151 lesquels l'Italie, la Hongrie, le Brésil, l'Uruguay et les

239 1512 500 132 États-Unis.

258 1729 2129 165 Aykhan Mamayev est un karatéka azerbaïdjanais,

273 1862 1090 114 origine de Turcs Meskhètes.

255 2059 1865 165 Hanamigawa (-, Hanamigawa-ku) est l'un des six

253 2198 2142 123 arrondissements de la ville de Chiba au Japon. Il est situé

266 2321 2124 121 au nord-ouest de la ville. En 2016, sa population est

267 2445 2127 116 de 179 034 habitants pour une superficie de 34,19 km2,

271 2557 2113 136 ce qui fait une densité de population de 5 240 hab./

288 2698 231 83 km2.

277 2896 2065 130 Gianni Carabelli (né le 30 mai 1979 à Busto Arsizio)

275 3017 1955 134 est un athlète italien, spécialiste du 400 mhaies.

1951 18 481 82 wikitexte_0152
