2550 3300
181 147 1932 161 J'ai lu les conditions de participation et j'y consens.

176 274 1950 116 Je comprends que mon manuscrit sera anonymisé et

192 401 1838 91 utilisé par BAnQ pour des activités de recherche et

181 494 1879 124 développement et qu'il pourra aussi être publié et

184 624 2046 132 partagé sous licence CC-BY pour être utilise librement

192 716 1854 151 à des fins non commerciales. Chakra,, (dérivé de

176 834 1972 117 sanskrit : -, écriture devanagari, qui signifie roue ou

200 968 1915 112 disque, prononciation phonétique : « tchakra » en

192 1045 2019 134 sanskrit, « chakra » en français, en IAST : CAKRA ;

203 1204 2073 129 pali : chakka ; tibétain : khorlo ; indonesien et javanais :

206 1311 1983 121 cakra) est le nom sanskrit donné à des objets ayant

200 1401 1876 139 la forme donné a des objets ayant la forme d'un

203 1537 1931 107 disque, parmi lesquels le soleil. Le terme est

203 1658 1733 114 aujourd'hui plus connu pour désigner des

198 1768 1944 124 « centres spirituels » ou « points de jonction de

187 1883 2043 106 canaux d'énergie (n-) » d'une conception du Kundalinî

201 1993 1906 130 yoga et qui pourraient être localisés dans le corps

192 2117 1802 120 humain. Selon cette conception, il y aurait sept

184 2224 1799 99 chakras principaux et des milliers de chakras

170 2323 1898 116 secondaires. On trouve ce concept dans la Yoga

183 2426 2108 126 Chudamani Upanishad (composée entre le VIIe siècle

176 2557 1845 110 et Xe siècle) et la Yoga Shikha Upanishad.

143 2667 2079 140 Jean François Julien Perrée-Duhamel, né le 15 février

192 2794 2073 104 1744 à Granville, et mort dans la même ville le 21 mai

201 2909 1659 110 1822, est un homme politique Français.

1863 1 641 88 wikitexte_0236
