2550 3300
305 244 1736 142 J'ai lu les conditions de participation et j'y consens.

291 377 2046 116 Je comprends que mon manuscrit sera anonymisé et utilisé

308 486 1966 105 par BAnQ pour des activités de recherche et développement et

299 607 1986 110 qu'il pourra aussi être publié et partagé sous licence CC-BY

305 715 1947 125 pour être utilisé librement à des fins non commerciales.

275 920 2042 149 Coilodesme bulligera est une espèce d'algues brunes de la

299 1047 1975 108 famille des Chordariaceae (ordre des Ectocarpales) selon

302 1166 1970 118 AlgaeBase (31 oct. 2012), Catalogue of Life (31 oct. 2012),

321 1278 1879 117 NCBI  (31 oct. 2012) et World Register of Marine Species

305 1391 2074 102 (31 oct. 2012) ou bien de la famille des Laminariaceae (ordre

299 1490 1472 118 des Laminariales) selon ITIS (31 oct. 2012).

277 1730 2140 103 Snowman (1948-1974) est un célèbre cheval de saut d'obstacles

278 1836 1943 127 américain. Surnommé « le champion à 80 dollars », ce

277 1966 2028 93 cheval de travail sans papiers était destiné à l'abattoir.

277 2191 1957 121 Harry de Leyer et son cheval Snowman avalent une

277 2298 2062 118 marque de reconnaissance qui était de sauter par-dessus

280 2410 617 101 un autre cheval.

291 2642 1981 99 Robin Olsen, né le 8 janvier 1990 à Malmö en Suède,

291 2761 2041 108 est un footballeur international suédois jouant au poste

280 2872 2044 147 de gardien de but à Aston Villa. Il possède également

305 2989 861 99 la nationalité danoise.

1770 22 594 99 wikitexte_0057
