2550 3300
82 189 2247 246 J'ai lu les conditions de participation et j'y

90 343 2308 168 consens. Je comprends que mon manuscrit sera

66 460 2404 154 anonymisé et utilisé par BAnQ pour des activités de

45 555 2354 209 recherche et développement et qu'il pourra aussi être

55 687 2302 166 publié et partagé sous licence CC-BY pour être

56 767 1967 149 utilisé librement à des fins non commerciales.

57 948 2460 255 Loser Love est un film canadien réalisé par Jean-Marc Vallée,

49 1058 608 113 sorti en 1999.

51 1158 2418 245 Soulja Boy, de son véritable nom DeAndre Cortez Way, né le

47 1305 2345 200 28 juillet 1990 à Chicago, dans l'Illinois, est un rappeur,

11 1398 2507 235 producteur, entrepreneur et acteur américain. Il connait un

68 1523 2432 176 grand succès grâce au tube Crank That (Soulja Boy) et à

68 1648 2465 198 son album Souljaboytellem.com en 2007, certifié disque

33 1761 2474 202 de platine par la Recording Industry Association of America

40 1868 2467 167 (RIAA). Cependant, ses deux albums qui se succèdent, iSoulja

38 1991 2416 183 BoyTellem (2008) et The DeAndre Way (2010) n'atteignent pas le

34 2092 2484 146 succès commercial du premier album, ce dernier étant écoulé

31 2159 915 156 à 100 000 exemplaires.

60 2285 2462 234 Szob est une ville du comté de Pest, en Hongrie, située

93 2388 2222 232 à proximité de la frontière avec la Slovaquie.

44 2571 2346 225 Cybaeus hiroshimaensis est une espèce d'araignées

170 2686 2080 185 aranéomorphes de la famille des Cybaeidae.

30 2824 2507 212 Mary Welsh Hemingway (5 avril 1908 - 26 novembre 1986) est

9 2899 2383 206 une journaliste américaine et la quatrième et dernière

20 3012 1416 211 femme d'Ernest Hemingway.

1682 11 671 115 wikitexte_0071
