2550 3300
277 308 1992 122 J'ai lu les conditions de participation et j'y consens. Je comprends que

282 412 2093 136 mon manuscrit sera anonymisé et utilisé par BAnQ pour des activités

275 481 2111 138 de recherche et développement et qu'il pourra aussi être publié et partagé

278 567 2002 137 sous licence CC-BY pour être utilisé librement à des fins non

291 663 433 63 commerciales.

326 722 1987 142 Richard Rich, 1er baron Rich, né à Basingstoke vers

322 814 2127 139 1496 et mort à Rochford le 12 juin 1567, est un homme politique

322 898 2081 126 et juriste anglais sous la dynastie Tudor. Notamment Lord chancelier

330 980 2172 103 sous Édouard VI, il acquiert pour la postérité une réputation extrêmement

322 1075 2157 112 négative, étant perçu comme un manipulateur et un parjure, se plaçant

326 1132 2159 170 sans scrupule au service du plus fort et ayant persécuté à la fois

328 1230 2086 142 les protestants et les catholiques au gré des changements de religion

339 1316 1948 135 officielle dans le royaume. Il s'active à provoquer la chute

330 1389 2032 112 « de la plupart des hommes prééminents de son temps - dont bon

321 1485 2118 130 nombre avaient été ses amis et ses bienfaiteurs », dont Thomas

333 1556 2127 143 Wolsey, Thomas More, Thomas Cromwell, Thomas Wriothesley, Edward

333 1633 1903 165 Seymour ou encore John Dudley, duc de Northumberland.

1896 18 450 64 wikitexte_0239
