2550 3300
240 434 2124 129 J'ai lu les conditions de participation et j'y consens.

232 557 2118 116 Je comprends que mon manuscrit sera anonymisé

229 671 2135 86 et utilisé par BAnQ pour des activités de recherche

231 792 2137 91 et développement et qu'il pourra aussi être publié

229 911 2067 104 et partagé sous licence CC-BY pour être utilisé

228 1020 1631 96 librement à des fins non commerciales.

231 1222 2230 182 Nuclear Device est un groupe de rock français, originaire

232 1378 2066 120 du Mans, dans la Sarthe. Leur style musical se

229 1499 2161 123 caractérise par un mélange de punk et de reggae

229 1609 2218 136 aux sonorités latines (chants en français et en castillan)

227 1732 2201 130 sur des paroles souvent rebelles et engagées. Nuclear

238 1855 2069 86 Device, qui raccourcira son nom en ND, est l'un

225 1963 2283 136 des groupes les plus importants du mouvement alternatif

236 2065 2106 163 français. Il est considéré comme l'un des groupes

242 2184 2073 148 précurseurs du mouvement punk rock français

236 2319 1697 126 avec Ludwig von 88 et  Bérurier Noir.

236 2546 1854 110 (4320) Jarosewich est un astéroïde de la

236 2676 886 114 ceinture principale.

1702 192 651 88 wikitexte_0229
