2550 3300
247 343 1942 154 J'ai lu les conditions de participation et j'y

242 482 2060 121 consens. Je comprends que mon manuscrit sera

232 590 2136 121 anonymisé et utilisé par BAnQ pour des activités

231 690 1980 143 de recherche et développement et qu'il pourra

231 803 1958 143 aussi être publié et partagé sous licence

234 918 2084 141 CC-BY pour être utilisé librement à des fins non

234 1054 628 93 commerciales.

225 1256 2190 143 Royston Ricky Drenthe, né le 8 avril 1987 à Rotterdam,

227 1378 2101 127 est un footballeur international néerlandais qui joue

228 1487 1950 141 au poste de milieu de terrain au Racing Murcie.

225 1712 2057 134 Julius Berends (né le 30 avril 1817 à Kyritz et mort

232 1831 2101 134 le 17 juin 1891 à Frauenfeld) est un homme politique

227 1948 1805 134 démocrate et imprimeur politique allemand.

225 2165 1884 132 Saint Miguel Febres Cordero, né à Cuenca en

229 2286 2106 121 Équateur le 7 novembre 1854, mort à Premià de Mar

216 2399 2245 138 en Espagne le 9 février 1910, est un religieux enseignant,

218 2517 2093 123 grammairien et linguiste équatorien. Canonisé par

212 2629 2204 122 Jean-Paul II en 1984, il est reconnu saint par l'Église

221 2733 2028 139 catholique. Il est commémoré le 9 février selon le

218 2860 798 128 Martyrologe romain.

1761 139 644 126 wikitexte_0135
