2550 3300
332 398 1857 130 J'ai lu les conditions de participation et

341 525 1892 113 j'y consens. Je comprends que mon manuscrit

330 627 1821 101 sera anonymisé et utilisé par BAnQ pour des

332 726 1902 122 activités de recherche et développement et qu'il

328 843 1921 115 pourra aussi être publié et partagé sous licence

348 947 1805 116 CC-BY pour être utilisé librement à des fins

346 1067 765 88 non commerciales.

283 1256 1997 119 Ultimatum est un film franco-italo-israélien d'Alain

286 1386 899 95 Tasma sorti en 2009.

291 1584 1948 121 Tron 2.0 est un jeu vidéo de tir à la première

286 1705 1788 107 personne édité par Buena Vista Interactive et

302 1806 1920 121 développé par Monolith Productions, sorti sur PC

316 1919 1879 116 en 2003 et sur OS X en 2003 en Europe et en

330 2029 1039 110 2004 en Amérique du Nord.

297 2219 2024 135 D-ngal mac Selbaich roi des Scots de Dál Riata

283 2351 1986 107 de 723 à 726, et prétendant de 733 à 736 (?).

291 2560 2102 118 Veeti Vainio (né le 6 novembre 2001) est un coureur

300 2684 795 115 cycliste finlandais.

1521 178 671 116 wikitexte_0137
