2550 3300
1689 330 585 80 wikitexte_0013

425 489 1860 88 J'ai lu les conditions de participation et

409 588 1876 106 j'y consens. Je comprends que mon

414 666 1833 91 manuscrit sera anonymisé et utilisé

407 742 1645 90 par BAnQ pour des activités de

401 819 1697 92 recherche et développement et

412 909 1782 86 qu'il pourra aussi être publié et

407 987 1924 92 partagé sous licence CC-BY pour être

409 1068 1752 90 utilisé librement à des fins non

409 1156 699 70 commerciales.

405 1318 1967 90 Illhaeusern (prononcé [ilœjz-n] ou [ilhœjz-n]) est une

390 1406 1675 82 commune française située dans la

399 1481 2064 88 circonscription administrative du Haut-Rhin

390 1573 1860 84 et, depuis le 1er janvier 2021, dans le

383 1651 1825 79 territoire de la Collectivité européenne

377 1732 1512 88 d'Alsace, en région Grand Est.

399 1897 1940 83 Cette commune se trouve dans la région

399 1978 1518 90 historique et culturelle d'Alsace.

418 2139 1801 95 13 French Street est un film français

414 2227 1936 92 réalisé par Jean-Pierre Mocky, sorti en

414 2310 251 80 2007.

421 2467 1991 115 Les Aventures d'Eddie Turley est un film

423 2570 1895 86 de science-fiction expérimental français

425 2643 1998 86 réalisé par Gérard Courant, sorti en 1987.

427 2805 1967 116 Ce film se veut un hommage direct au

423 2884 1854 97 Alphaville, une étrange aventure de

416 2969 2040 115 Lemmy Caution de Jean-Luc Godard, sorti

409 3047 2066 101 en 1965. Sa particularité tient à sa forme,

403 3144 2062 91 il est en effet uniquement compose d'images
