2550 3300
217 60 1235 80 Référence du Texte: wikitexte_0048

207 337 1834 165 La 1re édition des Championnats du monde juniors de

207 438 1990 179 natation se déroule du 22 au 22 août 2006 à Rio de

205 528 1862 216 Janeiro (Brésil). Cette compétition est réservée aux

206 682 1587 195 nageuses et nageurs nés entre 1989 et 1993

209 805 1865 273 Axelle de Russé est une photojournaliste française.

184 968 1969 278 A *New* Program for Graphic Design est un ouvrage du

177 1067 2015 254 graphiste américain David Reinfurt, publié en 2019 par

159 1196 547 148 Inventory Press.

148 1342 2137 278 Ernest Russell, dit Ernie Russell, né le 21 octobre 1883 à Montréal et

145 1493 2209 256 mort le 23 février 1963, est un joueur professionnel canadien de

143 1589 1427 239 hockey sur glace des années 1900 et 1910.

118 1710 2214 311 Il a joué pour l'Association des athlètes amateurs de Montréal et

118 1850 2176 284 les Wanderers de Montréal. Il a remporté la coupe Stanley

104 2024 1865 184 avec ces derniers en 1906, 1907, 1908 et 1910.

91 2143 2139 245 Il est aussi connu pour avoir marqué un coup du chapeau

93 2292 2264 203 sur cinq matchs consécutifs. Il a été intronisé au Temple

91 2458 1472 174 de la renommée du hockey en 1965.
