2550 3300
161 254 2267 132 J'ai lu les conditions de participation et j'y consens. Je comprends que

163 335 2243 108 mon manuscrit sera anonymisé et utilisé par BAnQ pour des activités

170 407 2251 108 de recherche et développement et qu'il pourra aussi être publié

168 482 2262 153 et partagé sous license CC-BY pour être utilisé librement à des fins

176 605 588 74 non commerciales.

181 678 2194 159 John Erik Kaada, né le  28 juillet 1975 à Stavanger, est un musicien

188 749 2233 164 et compositeur norvégien. Il a beaucoup travaillé à la composition de

196 847 2201 166 musiques de films. Il joue aussi dans le groupe Cloroform et a participé à

205 940 2091 145 nombre d'autres collaborations musicales, notamment avec le chanteur

218 1070 682 92 américain Mike Patton.

209 1131 2225 199 Il dirige le label Kaada Recordings, qu'il utilise pour publier ou déposer

214 1259 1259 136 les droits de ses enregistrements personnels.

207 1340 2267 194 Deadman (Boston Brand) est un super-héros de DC Comics, créé par Arnold

220 1433 2258 189 Drake & Carmine Infantino dans Strange Adventures #205 en octobre 1967.

223 1571 2220 187 En 2006 Vertigo publie une nouvelle version  de Deadman (en 13 volumes) de

240 1721 1293 127 Bruce Jones, qui change son aspect physique.

251 1822 2150 170 Brian McGrattan (né le 2 septembre 1981 à  Hamilton dans la province de

267 1906 2105 160 l'Ontario au Canada) est un joueur professionnel canadien de hockey sur

264 2057 192 84 glace.

256 2077 2077 150 Le Political RPF (Political Real Person Fiction, fiction basée sur de réelles

267 2168 2062 156 personnalités politiques) est un genre de fanfiction mettant en scène des

269 2234 2031 175 personnalités politiques. Il s'agit d'une application de la politique-fiction

275 2359 860 121 dans le cadre des fanfictions.

1924 44 479 73 wikitexte_0017
