2550 3300
223 507 1987 99 J'ai lu les conditions de participation et j'y consens. Je comprends que mon

126 592 2191 121 manuscrit sera anonymisé et utilisé par BAnQ pour des activités de recherche et de

124 687 2101 123 développement et qu'il pourra aussi être publié et partagé sous licence CC-BY

124 795 1490 96 pour être utilisé librement à des fins non commerciales.

122 975 2233 108 Philip Gilbert Hamerton (10 septembre 1834-4 novembre 1894) est un artiste britannique,

132 1068 2232 120 aquafortiste et critique d'art. Ardent défenseur de la gravure contemporaine, la plupart

124 1164 2088 106 de ses écrits concernent les arts graphiques. Il est un théoricien important de la

130 1281 779 79 renaissance de l'eau-forte.

128 1448 2266 104 Gilles Jodelet de La Boissière est un architecte, cartographe, inventeur de jeux, graveur

130 1547 2073 97 et médailleur français, actif des années 1660 aux années 1680. Il fut un proche

124 1648 1231 93 collaborateur de l'architecte François Blondel.

124 1829 2288 114 Nowy Szczeglin (prononciation : [-n-v- -t-lin]) est un village polonais de la gmina

124 1923 2123 110 de Sypniewo dans le powiat de Maków de la voïvodie de Mazovie dans le

124 2036 690 88 centre-est de la Pologne.

132 2200 2210 119 Loelia Mary, Lady Lindsay, née Ponsonby (6 février 1902 - 1er novembre 1993), est

128 2310 1877 104 une noble britannique, couturière et rédactrice en chef de magazine.

122 2489 2097 97 Jennie W-hlin, née le 26 novembre 1997 à Älvsjö, est une curleuse suédoise.

119 2674 2199 112 Pierre Ajame est un écrivain français, critique littéraire et cinématographique,

121 2783 1341 88 né le 5 février 1939, mort le 27 novembre 1988 .

1854 309 475 87 wikitexte_0005
