2550 3300
305 475 1970 121 J'ai lu les conditions de participation et j'y consens.

272 601 1928 101 Je comprends que mon manuscrit sera anonymisé

281 712 1949 107 et utilisé par BAnQ pour des activités de recherche et

278 815 1933 111 développement et qu'il pourra aussi être publié et

282 932 2046 130 partagé sous licence CC-BY pour être utilisé librement

275 1074 1159 60 à des fins non commerciales.

278 1268 1853 119 Le FC Roseng-rd, anciennement Malmö FF Dam

280 1395 2035 82 (1970-2007) puis LdB FC Malmö (2007-2013), est

277 1516 2054 73 un club suédois féminin de football fondé en 1970

278 1637 747 66 et basé à Malmö.

278 1826 2108 141 Le club joue en première division féminine et remporte

286 1963 1986 101 le championnat 13 fois, la dernière fois en 2022.

278 2084 2055 91 Le FC Roseng-rd dispute ses matchs à domicile au

280 2182 1066 85 Malmö IP (en) à Malmö.

280 2411 2019 113 Nowa Wie- est un village polonais de la gmina de

280 2510 1906 98 Jedwabne dans le powiat de -om-a et dans la

275 2624 1829 98 voïvodie de Podlachie. Il se situe à environ 4

280 2727 2040 109 kilomètres au sud de Jedwabne, à 10 kilomètres au

280 2871 1895 85 nord-ouest de -omza et à 57 kilomètres au

277 2990 1089 102 nord-ouest de Bialystok.

1678 264 655 77 wikitexte_0180

2372 3149 38 52 1.
