2550 3300
1880 29 497 107 wikitexte_0080

146 177 2319 139 J'ai lu les conditions de participation et j'y consens. Je comprends que

135 265 2330 123 mon manuscrit sera anonymisé et utilisé par BAnQ pour des activités

137 355 2244 110 de recherche et développement et qu'il pourra aussi être publié et

141 438 2273 106 partagé sous licence CC-BY pour être utilisé librement à des fins non

132 529 477 72 commerciales.

130 660 2326 128 Wolfgang Kauer (né le 20 février 1957 à Linz) est un écrivain autrichien

135 742 2220 128 vivant à Salzbourg. Il écrit principalement des fictions en prose et des

139 815 268 88 poèmes.

132 911 2348 181 Croton palanostigma est une espèce de plantes à fleurs du genre Croton

143 1028 2388 130 et de la famille des Euphorbiaceae, présente au sud de l'Amérique tropicale.

137 1111 659 88 Il a pour synonymes :

144 1188 1279 104 Croton benthamianus, Müll.Arg., 1873

143 1266 1407 107 Oxydectes benthamiana, (Müll.Arg.) Kuntze

133 1349 1398 117 Oxydectes palanostigma, (Klotzsch) Kuntze

135 1435 1396 110 Palanostigma crotonoides, Mart. ex Klotzsch

137 1525 994 102 Palanostigma martiana, Baill.

126 1650 2244 119 Rosedale est un village de la paroisse d'Iberville, dans l'État de Louisiane,

126 1730 2135 138 aux États-Unis,. En 2020, il compte une population de 664 habitants.

124 1835 2237 126 Clément Ader, né le 2 avril 1841 à Muret et mort le 3 mai 1925 à

135 1923 2077 112 Toulouse, est un ingénieur français, pionnier de l'aviation. Il est

133 2005 2284 133 possiblement le premier à avoir fait décoller un engin motorisé plus

132 2102 763 83 lourd que l'air en 1890.

133 2218 2327 128 Tamas et Juli (Tamás és Juli) est un téléfilm franco-hongrois réalisé

137 2311 2203 109 par Ildikó Enyedi en 1997, faisant partie de la collection 2000 vu par...

132 2390 537 90 diffusé sur Arte.
