2550 3300
2003 31 480 84 wikitexte_0240

27 167 2475 142 Piotr Nikolaïevitch Koudriavtsev (- - -), né le 4/16 août 1816 à Moscou et mort

31 328 2482 111 le 18/30 janvier 1858 à Moscou, est un écrivain et historien russe, critique littéraire et

45 425 1730 123 professeur d'histoire. Il était ami de Timofeï Granovski.

67 592 2354 86 Marseille 12e Beach Soccer est un club français de beach soccer basé à Marseille.

56 751 1648 90 Il remporte son premier championnat de France en 2010.

58 909 2407 133 William Henry « Bill » Walker, né le 9 octobre 1987 à Huntington, aux États-Unis, est

62 1008 1820 125 un joueur américain de basket-ball. Il évolue au poste d'ailier.

51 1169 2374 118 South Mills est une census-designated place située dans le comté de Camdem.

44 1257 1476 92 En 2010, sa population était de 454 habitants.

55 1376 2326 152 Les Timour sont une série de bande dessinée franco-belge créée en 1953 par

53 1499 2324 120 Sirius dans le no 813 du journal Spirou. Elle met en scène la famille Timour où

42 1585 1941 115 chaque membre d'une génération est mis en scène dans une histoire.
