2550 3300
1588 203 745 103 wikitexte_0040

266 307 2138 170 J'ai lu les conditions de participation et j'y consens.

243 443 2189 137 Je comprends que mon manuscrit sera anonymisé et utilisé

242 559 2219 143 par BAnQ pour des activités de recherche et développement et

234 691 2259 127 qu'il pourra aussi être publié et partagé sous licence CC-BY pour

234 779 1826 151 être utilisé librement à des fins non commerciales.

242 913 2172 145 Un gant  (du francique *want) est un accessoire de mode, un

238 1025 2185 148 équipement de sport, un élément de protection ou un élément

243 1147 2119 141 d'hygiène recouvrant la main. Il est utilisé pour se

282 1266 2170 165 protéger notamment du froid, ou encore pour le prestige

245 1395 723 91 (luxe, cérémonies).

251 1495 2165 160 Le judo a intégré le programme olympique lors des Jeux

242 1611 2216 159 olympiques d'été de 1964 organisés à T-ky-. L'art martial

239 1740 2250 134 japonais a pourtant du mal à passer les frontières et à entrer

238 1869 2203 121 au cœur de l'esprit olympique. Cependant, l'arrivée de

234 1985 2149 109 Charles Palmer à la tête de la Fédération internationale de

238 2108 2274 136 judo permet d'installer durablement le judo au programme

245 2219 1945 123 olympique grâce à une modernisation de la structure

214 2354 1996 110 internationale et une refonte des règles qui diminuent

234 2460 2231 133 considérablement l'influence nippone sur le judo mondial.

232 2581 2174 115 Non inclus en 1968 à Mexico, ce sport est ainsi réintégré en

253 2700 2225 126 1972 et n'a depuis plus quitté le programme olympique. Les

223 2789 2273 149 femmes durent attendre les Jeux olympiques de 1992 à Barcelone

234 2927 2160 129 pour participer à l'événement international (le judo féminin

236 3047 2118 115 était sport de démonstration quatre ans plus tôt à Séoul)
