2550 3300
1786 212 549 94 wikitexte_0042

249 301 2007 154 J'ai lu les conditions de participation et j'y consens. Je

243 462 1987 110 comprends que mon manuscrit sera anonymisé et

249 568 2027 109 utilisé par BAnQ pour des activités de recherche et

258 687 1925 121 développement et qu'il pourra aussi être publié et

243 810 2092 123 partagé sous licence CC-BY pour être utilisé librement à des

249 929 783 86 fins non commerciales.

236 1128 2121 202 Jangorzo Football Club est un club nigérien de football basé

236 1267 1018 134 à Maradi, au sud du pays.

231 1404 2157 121 -kurayama (-, -kurayama-eki) est une station de la ligne

221 1502 2185 135 Seishin-Yamate du métro >principal< municipal de Kobe. Elle

221 1611 2218 160 est située dans l'arrondissement Hy-go-ku de Kobe, dans

225 1743 1394 148 la préfecture de Hy-go au Japon.

231 1846 2168 115 L'ordre des avocats (ou barreau) de Paris est l'ensemble des

218 1959 1658 150 avocats du tribunal judiciaire de Paris.

231 2080 1343 118 L’ordre a à sa tête un bâtonnier.

221 2207 2171 127 Le championnat de Suède de football 1965 est la 41e édition

220 2343 713 97 de ce championnat.

234 2451 2035 145 Les Rubaïyat d'Omar Khayyam (robayat, robâ‘iyât ou

247 2568 2011 107 roubaïyat selon la traduction, persan : - - -) sont une

240 2696 2144 98 collection de poèmes, écrits en persan, attribués à l'écrivain

223 2808 2180 108 et savant perse Omar Khayyam (1048-1131). La traduction de

231 2935 2093 119 « rubaïyat » est « quatrains ». D'autres poètes écrivirent des

223 3047 2143 108 >< rubaïyat, dans la tradition de Khayyam : Fernando Pessoa,

236 3154 1334 104 Yéghiché Tcharents, par exemple.
