2550 3300
381 513 1858 142 J'ai lu les conditions de participation et j'y consens.

377 641 1752 113 Je comprends que mon manuscrit sera anonymisé et

387 726 1825 119 utilisé par BAnQ pour des activités de recherche

379 841 1881 119 et développement et qu'il pourra aussi être publié et

403 940 1776 127 partagé sous licence CC-BY pour être utilisé librement

399 1038 962 102 à des fins non commerciales.

396 1246 1546 108 Saint-Sulpice-le-Guérétois est une commune

401 1359 1745 121 française située dans le département de la Creuse,

396 1467 1066 121 en région Nouvelle-Aquitaine.

398 1680 1704 120 Sylvain Bonmariage ou Bonmariage de Cercy, dit le

398 1766 1607 135 comte de Cercy d'Erville, est un écrivain français

390 1889 1763 109 d'origine belge, né le 10 septembre 1887 à Bruxelles

390 1977 1571 100 et mort le 4 novembre 1966 à Paris 14e.

412 2181 1710 108 (18357) 1990 SR2 est un astéroïde de la ceinture

420 2303 1539 126 principale d'astéroïdes découvert en 1990.

414 2481 1607 120 La Rémarde est une rivière de France coulant

410 2605 1644 119 dans les régions d'Île-de-France et Centre-Val

423 2714 1607 116 de Loire, longue de 19,2 km, affluent en rive

418 2814 1660 139 droite de la Voise, elle-même affluent de

443 2927 268 81 l'Eure.

1808 331 514 85 Wiki texte_0018
