2550 3300
1845 210 576 105 wikitexte_0186

178 314 2217 200 J'ai lu les conditions de participation et j'y consens.

159 440 2265 191 Je comprends que mon manuscrit sera anonymisé et

157 542 2187 154 utilisé par BAnQ pour des activités de recherche et

163 673 2155 173 développement et qu'il pourra aussi être publié et

185 769 2216 192 partagé sous licence CC-BY pour être utilisé librement

203 902 1257 153 à des fins non commerciales.

185 993 2271 195 Stephen Bannon, dit Steve Bannon, né le 27 novembre 1953

176 1111 2287 154 à Norfolk (Virginie), est un homme d'affaires et homme

161 1223 2093 183 politique américain. Il est également dirigeant de

151 1334 1914 142 médias, réalisateur et producteur de cinéma.

115 1446 2242 157 Militant conservateur proche de l'extrême droite, il est,

176 1564 2310 181 de 2012 à 2016, président exécutif de Breitbart News LLC,

135 1695 2290 121 la société mère de Breitbart News, qu'il décrit comme

132 1779 2255 178 « la plate-forme de l'alt-right ». Il réalise un film

159 1917 2087 169 extrêmement laudatif consacré à l'ancien président

172 2007 2247 175 Ronald Reagan, In the Face of Evil, ainsi qu'un film

148 2134 2278 182 pro-Tea Party, Generation Zero. En 2012, il cofonde GIA,

159 2249 2291 194 journal d'investigation politique. En 2016, Steve Bannon

143 2362 2087 168 est nommé directeur exécutif de la campagne

128 2471 2223 205 présidentielle de Donald Trump. Après la victoire de

139 2574 2286 172 celui-ci, il est choisi au poste, nouvellement créé, de

115 2697 2363 178 conseiller stratégique du président des États-Unis. Il est

63 2813 2338 166 rapidement limogé - il n'est en fonction que sept mois,

104 2926 2261 154 de janvier à août 2017 - et poursuit depuis son engagement

62 3044 2260 160 partisan, notamment au niveau international, avec son

91 3150 1106 148 organisation The Movement.
