2550 3300
1851 51 583 92 wikitexte_0055

210 139 2017 137 J'ai lu les conditions de participation et j'y consens.

216 265 2056 97 Je comprends que mon manuscrit sera anonymisé et

198 341 2038 110 utilisé par BAnQ pour des activités de recherche et

218 440 2045 88 développement et qu'il pourra aussi être publié et

231 517 2230 126 partagé sous licence CC-BY pour être utilisé librement

238 623 1299 97 à des fins non commerciales.

247 792 2209 121 Kostiantyn Ivanovytch Hrycht chenko (en ukrainien : - - -)

266 892 2210 132 (en anglais : Kostyantyn Hryshchenko, né le 28 octobre 1953

286 993 1893 151 à Kiev) est un diplomate et homme politique

280 1083 450 77 ukrainien.

264 1219 2098 190 Once Upon A Time In Jamaica est un album du groupe

282 1315 1321 128 reggae jamaïcain The Gladiators.

278 1441 2029 168 L'album a été enregistré à Tuff Gong Recording Studio, à

299 1538 1986 150 Kingston (Jamaïque), et est sorti en 2002 chez XIIIbis

293 1625 2097 159 Records. Toutes les chansons ont été écrites par Albert

295 1716 2047 144 Griffiths, à part "Lonely Heart", qui est une chanson

291 1807 499 92 traditionnelle.

294 1949 1802 127 Il comporte 13 chansons, dont 3 en version Dub :

319 2065 2137 142 Guhyasam-ja, (tib. : gsang ba 'dus pa; anglais: Assembly

328 2143 2091 175 of Secrets; chinois: m-jí j-ng-ng -) est une des cinq

299 2238 1772 127 divinités principales servant de l'objet de

295 2326 2100 119 contemplation, une des trois divinités protectrices de

308 2391 1953 129 l'école Gelug pa, et le protecteur du dharma du

313 2487 2051 150 Vénérable Tsongkhapa. Il est l'une des huit grandes

317 2568 1939 136 divinités Héruka dite (buveurs de sang), à côté de

324 2662 2036 143 Hayagriva, Vajrakilaya, Chakrasamvara, Hevajra,

344 2779 1147 92 Yamantaka, Amrita et Mamo.
