2550 3300
442 346 2055 154 Texte 1 - Référence du texte: wikitexte_00

416 484 1811 133 J'ai lu les conditions de participation

405 588 1732 123 et j'y consens. Je comprends que

409 709 1726 92 mon manuscrit sera anonymisé et

407 803 1755 106 utilisé par BAnQ pour des activités

421 903 1701 107 de recherche et développement et

418 999 1719 126 qu'il pourra aussi être publié et

409 1100 1785 132 partagé sous licence CC-BY pour être

445 1206 1543 108 utilisé librement à des fins non

418 1296 613 123 commerciales.

503 1405 1576 113 Cette liste des monuments de la

409 1509 1676 119 Rome antique recense les monuments

414 1617 1776 119 les plus importants construits à Rome

436 1719 1710 116 ou à proximité immédiate, d><epuis

436 1810 1725 118 la fondation de la ville au milieu du

451 1916 1799 124 >< VIIIe siècle av. J.-C. jusqu'au début

429 2019 734 112 du VIIe siècle.

414 2128 1734 125 Geneviève Castrée, Gosselin de son vrai

423 2231 1930 120 patronyme, est une auteure de bande dessinée,

420 2333 1735 164 musicienne et poète québécoise née le

415 2431 1917 113 9 avril 1981 à Loretteville (Québec),

429 2537 1825 104 au Canada, et morte d'un cancer du

420 2640 2022 112 pancréas le 9 juillet 2016 à Anacortes

427 2733 1669 119 (État de Washington). À titre de

429 2831 1717 135 musicienne, elle est également
