<?xml version="1.0" encoding="UTF-8"?>
<alto xmlns:xsi="http://www.w3.org/2001/XMLSchema-instance"
      xmlns="http://www.loc.gov/standards/alto/ns-v4#"
      xsi:schemaLocation="http://www.loc.gov/standards/alto/ns-v4# http://www.loc.gov/standards/alto/v4/alto-4-2.xsd">
  <Description>
    <MeasurementUnit>pixel</MeasurementUnit>
    <sourceImageInformation>
      <fileName>wikitexte_0014_1.jpg</fileName>
    </sourceImageInformation>
  </Description>
  <Tags>
    <OtherTag ID="BT1" LABEL="Title" DESCRIPTION="block type Title"/><OtherTag ID="BT2" LABEL="Main" DESCRIPTION="block type Main"/><OtherTag ID="BT3" LABEL="Commentary" DESCRIPTION="block type Commentary"/><OtherTag ID="BT4" LABEL="Illustration" DESCRIPTION="block type Illustration"/><OtherTag ID="BT12" LABEL="text" DESCRIPTION="block type text"/>
    <OtherTag ID="LT12" LABEL="default" DESCRIPTION="line type default"/>
  </Tags>
  <Layout>
    <Page WIDTH="2550"
          HEIGHT="3300"
          PHYSICAL_IMG_NR="0"
          ID="eSc_dummypage_">
      <PrintSpace HPOS="0"
                  VPOS="0"
                  WIDTH="2550"
                  HEIGHT="3300">
        <TextBlock HPOS="190"
                   VPOS="132"
                   WIDTH="2323"
                   HEIGHT="2880"
                   ID="eSc_textblock_38f6d8f4"
                   TAGREFS="BT12">
          <Shape><Polygon POINTS="288 132 1137 161 1816 161 2212 132 2307 183 2331 264 2447 293 2461 408 2432 518 2483 716 2432 819 2483 880 2476 1046 2513 1173 2461 1391 2322 1442 1375 1540 1502 1569 2300 1591 2366 1620 2417 1723 2439 1860 2388 1992 2329 2058 2469 2185 2491 2324 2439 2748 2373 2865 2256 2902 1465 2931 1353 3012 198 3004 190 1202 212 799 190 462 227 161 288 132"/></Shape>
          <TextLine ID="eSc_line_30003d7b"
                    TAGREFS="LT12"
                    BASELINE="253 247 875 234 1119 245 2254 240" 
                    HPOS="248"
                    VPOS="131"
                    WIDTH="2006"
                    HEIGHT="187">
            <Shape><Polygon POINTS="248 309 348 317 350 293 410 260 528 256 737 264 739 264 1036 254 1119 282 1135 287 1137 287 1139 289 1167 318 1196 287 1197 287 1219 280 1265 265 1324 265 1350 278 1364 286 1366 286 1368 287 1405 287 1405 286 1407 286 1423 276 1445 265 1570 265 1572 265 1574 265 1605 251 1667 273 1698 284 1700 284 1745 313 1786 286 1786 284 1788 284 1812 271 1825 264 2001 249 2049 267 2085 282 2087 282 2089 282 2158 314 2214 280 2254 264 2254 240 2252 168 2223 152 2221 152 2181 152 2179 152 2150 154 2148 154 2120 168 2071 196 1764 196 1702 168 1700 168 1698 168 1696 168 1643 198 1557 198 1500 166 1498 166 1496 166 1495 166 1493 166 1491 166 1436 198 1331 196 1282 179 1280 179 1278 179 1276 179 1236 201 1141 201 1078 168 1076 168 1075 168 1073 168 1001 201 917 166 902 161 900 161 803 161 801 161 799 161 787 166 702 203 645 198 588 166 581 163 579 163 546 163 544 163 543 163 541 163 537 166 502 187 462 166 458 165 456 165 454 165 443 166 390 176 372 166 368 165 366 165 318 131 251 165 253 247"/></Shape>
	    <String CONTENT="J&#x27;ai lu les conditions de participation et y consens. Je"
                    HPOS="248"
                    VPOS="131"
                    WIDTH="2006"
                    HEIGHT="187"></String>
          </TextLine>
          <TextLine ID="eSc_line_842f4d5b"
                    TAGREFS="LT12"
                    BASELINE="227 374 695 372 1089 381 2434 372" 
                    HPOS="225"
                    VPOS="287"
                    WIDTH="2209"
                    HEIGHT="123">
            <Shape><Polygon POINTS="227 394 333 394 337 394 394 410 396 410 398 410 399 410 434 394 590 394 640 410 642 410 643 410 645 410 709 392 713 392 715 392 777 408 779 408 781 408 783 408 849 392 851 392 854 392 1018 408 1020 408 1021 408 1064 396 1282 407 1284 407 1394 405 1396 405 1436 390 1467 401 1469 401 1471 403 1561 403 1561 401 1632 388 1652 397 1654 397 1896 405 1898 405 2051 386 2124 399 2126 399 2128 399 2161 386 2192 401 2194 401 2195 401 2432 383 2434 372 2428 311 2274 313 2272 313 2223 337 2153 315 2151 315 2150 315 2148 315 2080 296 1717 339 1689 328 1687 328 1685 328 1684 328 1660 339 1544 339 1488 322 1484 317 1479 287 1364 317 1363 317 1361 317 1352 320 1308 339 1023 333 1021 333 1020 333 999 342 838 324 823 324 821 324 820 324 816 326 763 342 715 326 697 320 695 320 654 320 653 320 651 320 638 326 616 339 592 328 576 320 574 320 508 320 506 320 504 320 476 328 442 339 414 330 392 320 390 320 388 320 387 320 368 330 355 335 330 330 286 320 284 320 225 330 227 374"/></Shape>
	    <String CONTENT="comprends que mon manuscrit sera anonymisé et utilisé"
                    HPOS="225"
                    VPOS="287"
                    WIDTH="2209"
                    HEIGHT="123"></String>
          </TextLine>
          <TextLine ID="eSc_line_e1cfa1ec"
                    TAGREFS="LT12"
                    BASELINE="207 476 506 469 700 482 1183 484 1693 498 2370 491" 
                    HPOS="205"
                    VPOS="397"
                    WIDTH="2165"
                    HEIGHT="125">
            <Shape><Polygon POINTS="205 496 242 517 243 517 245 518 304 518 304 517 306 517 348 495 350 495 638 495 640 495 684 517 686 517 687 517 823 496 825 496 829 496 1023 507 1025 507 1256 496 1276 496 1278 496 1333 520 1335 520 1337 520 1385 511 1405 520 1407 520 1408 520 1465 511 1511 520 1513 522 1731 522 1731 520 1733 520 1757 511 1830 518 1832 518 1834 518 1871 506 1902 520 1904 520 2056 522 2058 522 2329 513 2331 513 2368 498 2370 491 2370 441 2333 423 2331 423 2329 423 2328 423 2287 441 2269 451 2115 451 2095 440 2060 423 2058 423 2056 423 2054 423 2005 440 1986 445 1966 440 1926 427 1924 427 1922 427 1920 427 1893 440 1878 445 1863 438 1836 427 1834 427 1832 427 1830 427 1807 438 1788 449 1726 449 1706 438 1676 425 1674 425 1673 425 1671 425 1645 438 1627 447 1596 438 1561 427 1559 427 1557 427 1555 427 1533 438 1511 449 1372 449 1350 436 1331 427 1330 427 1328 427 1326 427 1302 436 1289 441 1275 436 1236 419 1234 419 1174 419 1172 419 1170 419 1139 434 1135 436 1133 434 1093 419 1091 419 1089 419 1087 419 1056 434 1034 447 953 447 931 434 902 419 900 419 898 419 897 419 858 434 825 445 735 441 719 432 698 423 697 423 695 423 693 423 675 432 664 438 654 432 623 418 621 418 408 397 385 418 383 418 354 430 343 436 321 430 264 418 262 418 260 418 232 430 220 436 207 430 207 476"/></Shape>
	    <String CONTENT="par BAnQ pour des activités de recherche et développement"
                    HPOS="205"
                    VPOS="397"
                    WIDTH="2165"
                    HEIGHT="125"></String>
          </TextLine>
          <TextLine ID="eSc_line_50bd52b2"
                    TAGREFS="LT12"
                    BASELINE="234 590 2416 606" 
                    HPOS="232"
                    VPOS="518"
                    WIDTH="2184"
                    HEIGHT="116">
            <Shape><Polygon POINTS="234 590 232 603 324 605 355 621 357 621 359 623 410 623 410 621 412 621 443 605 449 603 521 603 522 605 559 623 561 623 563 623 664 608 772 617 774 617 821 606 829 606 838 606 961 625 963 625 1045 608 1049 608 1051 608 1078 623 1080 623 1082 623 1205 614 1236 628 1238 628 1240 628 1412 610 1423 610 1430 610 1496 623 1498 623 1550 617 1577 630 1579 630 1581 630 1678 617 1728 632 1729 632 1731 634 1865 634 1865 632 1867 632 1895 619 2027 632 2028 632 2030 632 2065 616 2377 627 2379 627 2381 627 2414 616 2416 606 2414 568 2217 562 2146 533 2144 533 2142 533 2140 533 2084 559 2073 564 1981 557 1926 553 1924 553 1885 555 1796 561 1779 553 1735 531 1733 531 1731 531 1729 531 1682 550 1665 557 1640 550 1572 529 1570 529 1568 529 1496 544 1445 528 1443 528 1326 528 1324 528 1322 528 1273 540 1207 559 1139 539 1098 526 1097 526 1095 526 1093 526 1065 537 1012 559 963 559 601 546 561 526 554 522 552 522 476 520 475 520 473 520 464 522 401 542 324 520 322 520 234 518 234 590"/></Shape>
	    <String CONTENT="et qu&#x27;il pourra aussi être publié et partagé sous licence"
                    HPOS="232"
                    VPOS="518"
                    WIDTH="2184"
                    HEIGHT="116"></String>
          </TextLine>
          <TextLine ID="eSc_line_1a0df121"
                    TAGREFS="LT12"
                    BASELINE="229 704 1335 716 2461 711" 
                    HPOS="227"
                    VPOS="617"
                    WIDTH="2234"
                    HEIGHT="164">
            <Shape><Polygon POINTS="227 724 462 724 465 726 495 738 497 738 498 738 614 727 647 724 801 724 928 727 930 729 952 740 953 740 955 742 1071 742 1071 740 1073 740 1106 731 1126 726 1150 731 1179 740 1181 740 1319 742 1320 744 1473 744 1473 742 1474 742 1491 735 1504 729 1539 735 1579 742 1581 742 1583 742 1597 737 1616 727 1658 737 1687 742 1689 744 1800 781 1797 742 1823 738 1884 727 2005 727 2027 740 2036 744 2038 744 2040 744 2069 740 2137 729 2425 729 2456 744 2461 711 2461 674 2406 649 2405 649 2340 649 2339 649 2239 672 2238 672 1988 672 1880 672 1788 647 1786 647 1785 647 1693 658 1630 647 1629 647 1627 647 1577 671 1563 645 1511 672 1509 671 1473 652 1471 652 1469 652 1467 652 1427 671 1423 671 1287 671 1287 669 1238 645 1236 645 1161 645 1159 645 1157 642 1088 632 1071 617 1061 623 1051 665 1010 645 1008 645 882 645 880 645 878 645 810 667 805 669 801 667 750 643 748 643 675 643 673 643 671 643 621 667 620 667 592 667 489 661 453 643 451 643 449 643 385 645 383 645 341 665 337 667 328 665 264 650 262 650 260 650 229 663 229 704"/></Shape>
	    <String CONTENT="CC-BY pour être utilisé librement à des fins non commerciales."
                    HPOS="227"
                    VPOS="617"
                    WIDTH="2234"
                    HEIGHT="164"></String>
          </TextLine>
          <TextLine ID="eSc_line_e23efe2f"
                    TAGREFS="LT12"
                    BASELINE="232 929 847 942 1623 942 1911 951 2463 944" 
                    HPOS="231"
                    VPOS="863"
                    WIDTH="2232"
                    HEIGHT="112">
            <Shape><Polygon POINTS="232 929 231 947 686 949 693 953 753 968 755 968 757 968 840 953 856 951 873 953 950 969 952 971 1245 971 1245 969 1247 969 1282 957 1295 953 1308 957 1350 971 1352 971 1353 971 1484 969 1485 969 1526 958 1546 955 1643 960 1869 973 1871 975 1948 975 1948 973 1950 973 1973 962 1979 960 1999 962 2076 975 2078 975 2186 964 2254 958 2460 966 2463 944 2463 891 2427 872 2425 872 2339 872 2337 872 2335 872 2295 889 2256 903 2214 887 2188 878 2186 878 2184 878 2183 878 2159 887 2118 902 2063 885 2043 880 2041 880 2040 880 2038 880 2027 885 1992 903 1841 903 1797 881 1783 876 1781 876 1779 876 1777 876 1757 881 1689 902 1651 902 1607 880 1583 869 1581 869 1539 869 1537 869 1535 869 1515 878 1476 898 1436 900 1383 876 1363 869 1361 869 1273 867 1271 867 1269 867 1251 876 1225 887 1186 881 1185 881 1183 881 1148 900 1060 900 1018 880 1016 880 1014 880 1012 880 970 898 915 870 902 865 900 865 898 865 897 865 884 870 834 894 783 872 781 872 779 872 777 872 724 898 557 898 498 865 493 863 491 863 489 863 473 865 394 880 361 863 359 863 357 863 232 863 232 929"/></Shape>
	    <String CONTENT="Chinatown est le principal quartier chinois de la ville"
                    HPOS="231"
                    VPOS="863"
                    WIDTH="2232"
                    HEIGHT="112"></String>
          </TextLine>
          <TextLine ID="eSc_line_8a08de83"
                    TAGREFS="LT12"
                    BASELINE="240 1052 1783 1052 2366 1061" 
                    HPOS="238"
                    VPOS="982"
                    WIDTH="2128"
                    HEIGHT="96">
            <Shape><Polygon POINTS="240 1052 238 1059 269 1070 271 1070 273 1070 385 1061 396 1061 412 1061 632 1076 634 1078 706 1078 706 1076 708 1076 730 1065 733 1063 741 1065 792 1076 794 1078 904 1078 904 1076 906 1076 926 1067 931 1063 966 1067 1058 1076 1060 1076 1135 1068 1183 1063 1201 1068 1223 1076 1225 1076 1227 1078 1348 1078 1348 1076 1350 1076 1363 1070 1377 1063 1430 1063 1473 1070 1509 1078 1511 1078 1555 1072 1603 1065 2362 1078 2366 1061 2366 1017 2296 986 2295 986 2293 986 2291 986 2217 1015 2214 1017 2131 1017 2126 1013 2073 986 2071 986 2069 986 2067 986 1990 1012 1975 1015 1964 1010 1948 1002 1946 1002 1944 1002 1865 1010 1847 1010 1843 1008 1799 986 1797 986 1796 986 1687 1006 1673 1008 1636 1008 1632 1006 1594 986 1592 986 1518 986 1517 986 1515 986 1469 1002 1434 1015 1317 1001 1313 1001 1311 1001 1309 1001 1287 1008 1271 999 1243 986 1241 986 1240 986 1238 986 1219 993 1201 984 1199 984 1197 984 1196 984 1168 999 1159 1002 1150 997 1119 984 1117 984 968 984 966 984 964 984 944 995 909 1013 610 1013 522 988 502 982 500 982 420 982 418 982 416 982 409 986 357 1012 302 984 297 982 295 982 293 982 240 982 240 1052"/></Shape>
	    <String CONTENT="de Chicago aux États-Unis. Il se trouve dans le"
                    HPOS="238"
                    VPOS="982"
                    WIDTH="2128"
                    HEIGHT="96"></String>
          </TextLine>
          <TextLine ID="eSc_line_0d2c6a00"
                    TAGREFS="LT12"
                    BASELINE="220 1156 554 1167 1713 1167 2496 1182" 
                    HPOS="218"
                    VPOS="1092"
                    WIDTH="2278"
                    HEIGHT="130">
            <Shape><Polygon POINTS="218 1178 487 1175 506 1184 517 1189 519 1189 521 1189 554 1184 581 1180 667 1186 735 1189 737 1189 796 1188 948 1178 981 1189 996 1193 997 1193 999 1193 1185 1191 1186 1191 1190 1191 1219 1180 1489 1193 1498 1193 1500 1193 1502 1193 1557 1184 1746 1193 1748 1193 1942 1186 1964 1195 1966 1195 1968 1195 2232 1222 2249 1200 2252 1202 2254 1202 2268 1219 2494 1204 2496 1182 2494 1134 2339 1134 2335 1133 2283 1107 2282 1107 2280 1107 2278 1107 2201 1131 2197 1133 2139 1133 2133 1129 2071 1105 2069 1105 2067 1105 2065 1105 2010 1129 2003 1131 1940 1131 1935 1127 1885 1103 1884 1103 1882 1103 1829 1114 1739 1101 1737 1101 1735 1101 1693 1122 1619 1123 1603 1123 1601 1120 1541 1101 1539 1101 1537 1101 1535 1101 1487 1122 1487 1123 1434 1127 1394 1127 1385 1122 1339 1100 1337 1100 1243 1098 1241 1098 1240 1098 1185 1118 1172 1125 1067 1125 1049 1118 994 1096 992 1096 928 1096 926 1096 924 1096 880 1116 865 1122 669 1122 642 1112 576 1094 574 1094 530 1094 528 1094 526 1094 487 1111 471 1120 423 1120 405 1111 368 1092 366 1092 317 1092 315 1092 313 1092 278 1109 269 1112 220 1109 220 1156"/></Shape>
	    <String CONTENT="secteur d&#x27;Armour Square (au sud-ouest du secteur financier"
                    HPOS="218"
                    VPOS="1092"
                    WIDTH="2278"
                    HEIGHT="130"></String>
          </TextLine>
          <TextLine ID="eSc_line_40953a6b"
                    TAGREFS="LT12"
                    BASELINE="214 1274 2067 1281 2476 1292" 
                    HPOS="212"
                    VPOS="1198"
                    WIDTH="2264"
                    HEIGHT="164">
            <Shape><Polygon POINTS="212 1288 238 1301 240 1301 242 1301 432 1290 440 1290 484 1310 486 1310 487 1310 898 1303 900 1303 920 1298 942 1290 1001 1298 1122 1314 1154 1362 1278 1316 1278 1314 1337 1303 1374 1296 1438 1305 1451 1305 1452 1305 1473 1305 1665 1294 1750 1305 1751 1305 2186 1298 2254 1312 2256 1312 2300 1305 2328 1316 2331 1318 2333 1318 2335 1320 2474 1320 2476 1292 2474 1248 2359 1248 2353 1244 2274 1225 2263 1213 2211 1234 2203 1213 2201 1213 2164 1228 2118 1213 2117 1213 2115 1213 2113 1213 2043 1233 1924 1211 1922 1211 1920 1211 1865 1237 1852 1243 1838 1235 1786 1211 1785 1211 1744 1211 1742 1211 1740 1211 1695 1233 1674 1244 1622 1214 1560 1198 1462 1210 1460 1210 1458 1210 1414 1228 1379 1243 1223 1232 1221 1232 1144 1241 1106 1222 1075 1208 1073 1208 1071 1208 1012 1221 935 1241 673 1241 605 1213 577 1204 576 1204 473 1204 471 1204 469 1204 454 1211 442 1217 429 1211 414 1204 412 1204 337 1204 335 1204 333 1204 322 1210 304 1219 284 1208 271 1202 269 1202 267 1202 214 1206 214 1274"/></Shape>
	    <String CONTENT="du Loop), sur une vaste zone située entre Cermak Avenue"
                    HPOS="212"
                    VPOS="1198"
                    WIDTH="2264"
                    HEIGHT="164"></String>
          </TextLine>
          <TextLine ID="eSc_line_80180322"
                    TAGREFS="LT12"
                    BASELINE="212 1384 1410 1400 2386 1386" 
                    HPOS="210"
                    VPOS="1318"
                    WIDTH="2176"
                    HEIGHT="139">
            <Shape><Polygon POINTS="210 1404 376 1404 377 1404 414 1415 416 1415 418 1415 420 1415 442 1406 469 1417 471 1417 473 1417 563 1404 574 1404 585 1404 689 1417 691 1417 766 1406 779 1404 792 1406 869 1419 871 1419 1161 1408 1210 1406 1230 1408 1377 1424 1653 1432 1663 1426 1750 1457 1926 1417 1942 1409 1948 1408 1955 1411 1968 1417 1970 1417 1972 1417 2038 1411 2040 1411 2076 1426 2078 1426 2080 1428 2139 1428 2139 1426 2140 1426 2170 1411 2172 1411 2383 1411 2386 1386 2386 1356 2274 1327 2272 1327 2271 1327 2269 1327 2217 1345 2109 1338 2107 1338 2106 1338 2080 1349 2025 1321 2023 1321 1983 1321 1981 1321 1979 1321 1939 1342 1898 1321 1896 1321 1856 1321 1854 1321 1852 1321 1794 1351 1759 1353 1731 1354 1541 1354 1539 1353 1474 1320 1473 1320 1471 1320 1469 1320 1405 1353 1401 1353 1399 1353 1330 1321 1328 1321 1326 1321 1324 1321 1298 1329 1278 1320 1276 1320 1275 1320 1273 1320 1190 1351 1185 1354 961 1354 952 1351 869 1320 867 1320 865 1320 864 1320 805 1336 774 1318 772 1318 770 1318 678 1318 676 1318 675 1318 614 1343 561 1318 559 1318 557 1318 493 1327 471 1318 469 1318 467 1318 383 1321 381 1321 348 1338 308 1318 306 1318 269 1318 267 1318 266 1318 212 1343 212 1384"/></Shape>
	    <String CONTENT="et Wentworth Avenue. Chinatown jouxte le quartier"
                    HPOS="210"
                    VPOS="1318"
                    WIDTH="2176"
                    HEIGHT="139"></String>
          </TextLine>
          <TextLine ID="eSc_line_e88292dc"
                    TAGREFS="LT12"
                    BASELINE="218 1496 1241 1512" 
                    HPOS="216"
                    VPOS="1419"
                    WIDTH="1025"
                    HEIGHT="153">
            <Shape><Polygon POINTS="216 1505 258 1516 260 1516 357 1510 423 1507 434 1512 460 1527 462 1527 464 1529 522 1529 522 1527 524 1527 526 1527 526 1525 537 1516 539 1514 543 1516 555 1527 555 1529 557 1529 559 1529 561 1529 563 1529 605 1518 636 1510 647 1519 656 1527 658 1527 660 1527 662 1527 664 1527 689 1521 700 1518 704 1521 713 1529 713 1530 709 1533 717 1530 778 1572 788 1532 790 1532 792 1532 795 1537 814 1514 882 1527 904 1530 906 1530 908 1530 913 1529 939 1516 977 1529 979 1529 981 1529 1054 1518 1065 1527 1065 1529 1067 1529 1069 1529 1071 1529 1186 1525 1236 1538 1241 1512 1241 1475 1210 1475 1210 1474 1172 1437 1172 1435 1170 1435 1168 1435 1166 1435 1164 1435 1082 1459 1054 1433 1054 1431 1053 1431 1051 1431 1008 1430 1007 1430 1005 1430 1003 1430 1003 1431 968 1464 872 1433 794 1470 783 1459 772 1448 772 1446 770 1446 768 1446 766 1446 720 1455 717 1457 713 1455 676 1424 675 1424 673 1424 640 1424 638 1424 636 1424 634 1424 634 1426 623 1437 610 1426 610 1424 609 1424 607 1424 550 1424 548 1424 546 1424 544 1424 517 1448 491 1424 491 1422 489 1422 487 1422 436 1420 434 1420 432 1420 431 1420 431 1422 407 1444 390 1461 322 1461 300 1441 275 1419 273 1419 271 1419 238 1419 236 1419 234 1419 232 1419 232 1420 218 1433 218 1496"/></Shape>
	    <String CONTENT="de South Loop à l&#x27;est."
                    HPOS="216"
                    VPOS="1419"
                    WIDTH="1025"
                    HEIGHT="153"></String>
          </TextLine>
          <TextLine ID="eSc_line_3b3e6d0b"
                    TAGREFS="LT12"
                    BASELINE="240 1728 2358 1739" 
                    HPOS="239"
                    VPOS="1630"
                    WIDTH="2118"
                    HEIGHT="130">
            <Shape><Polygon POINTS="239 1743 1196 1743 1301 1757 1793 1746 1823 1760 2354 1746 2357 1738 2351 1639 2219 1641 2126 1680 2057 1661 2049 1661 2021 1672 1961 1639 1947 1639 1911 1666 1876 1639 1826 1636 1812 1639 1749 1680 1719 1680 1664 1636 1589 1636 1554 1666 1515 1641 1501 1641 1455 1677 1397 1672 1353 1636 1342 1636 1284 1655 1259 1633 1246 1633 1177 1677 811 1647 750 1630 739 1630 690 1647 654 1636 643 1636 596 1674 555 1674 503 1630 407 1630 357 1672 299 1641 239 1644 239 1727"/></Shape>
	    <String CONTENT="Maolsheachlainn mac &gt;Aodba&lt; Aodha (mort en 1488)"
                    HPOS="239"
                    VPOS="1630"
                    WIDTH="2118"
                    HEIGHT="130"></String>
          </TextLine>
          <TextLine ID="eSc_line_10149cbf"
                    TAGREFS="LT12"
                    BASELINE="223 1838 983 1848 2417 1829" 
                    HPOS="221"
                    VPOS="1748"
                    WIDTH="2196"
                    HEIGHT="122">
            <Shape><Polygon POINTS="223 1860 524 1851 594 1860 627 1864 629 1864 631 1864 645 1860 675 1851 693 1860 713 1870 715 1870 717 1870 834 1860 955 1868 957 1868 1023 1857 1062 1851 1075 1857 1097 1866 1098 1866 1100 1866 1102 1866 1128 1857 1133 1855 1152 1857 1201 1860 1203 1860 1240 1855 1282 1849 1297 1855 1317 1864 1319 1864 1320 1866 1372 1866 1372 1864 1452 1853 1517 1846 1574 1853 1643 1862 1645 1862 1647 1862 1687 1851 1722 1844 1764 1851 1786 1855 1788 1855 1814 1851 1860 1844 1874 1851 1887 1857 1889 1857 1891 1857 1933 1849 1995 1840 2025 1849 2052 1859 2054 1859 2056 1860 2199 1860 2199 1859 2245 1848 2285 1838 2416 1846 2417 1829 2416 1791 2335 1756 2333 1756 2331 1756 2329 1756 2263 1789 2237 1762 2218 1748 2222 1748 2200 1765 2168 1789 2151 1793 2139 1789 2065 1760 2063 1760 2062 1760 2060 1760 1994 1787 1986 1791 1977 1787 1918 1760 1917 1760 1915 1760 1913 1760 1851 1785 1790 1760 1788 1760 1786 1760 1785 1760 1735 1785 1601 1757 1467 1796 1416 1783 1364 1771 1363 1771 1361 1771 1324 1782 1289 1793 1245 1782 1183 1765 1181 1765 1119 1765 1117 1765 1115 1765 1084 1780 1040 1804 966 1775 709 1805 651 1776 634 1769 632 1769 631 1769 629 1769 610 1776 588 1787 565 1776 550 1769 548 1769 546 1769 388 1771 387 1771 377 1774 354 1787 326 1774 319 1771 317 1771 315 1771 221 1772 223 1838"/></Shape>
	    <String CONTENT="le 21e est un roi d&#x27;Uí Maine issu de la lignée des"
                    HPOS="221"
                    VPOS="1748"
                    WIDTH="2196"
                    HEIGHT="122"></String>
          </TextLine>
          <TextLine ID="eSc_line_a7284132"
                    TAGREFS="LT12"
                    BASELINE="229 1952 2348 1943" 
                    HPOS="227"
                    VPOS="1848"
                    WIDTH="2121"
                    HEIGHT="137">
            <Shape><Polygon POINTS="229 1961 616 1985 618 1985 717 1983 719 1983 753 1965 763 1961 788 1965 887 1983 889 1983 1064 1967 1150 1959 1196 1969 1230 1974 1232 1974 1234 1974 1247 1969 1267 1959 1429 1959 1451 1969 1469 1978 1471 1978 1693 1980 1695 1980 1696 1980 1715 1970 1731 1963 1772 1970 1807 1978 1808 1978 1810 1978 1823 1972 1854 1956 2184 1956 2206 1967 2208 1967 2210 1967 2304 1963 2344 1974 2348 1943 2346 1893 2280 1868 2278 1868 2203 1868 2201 1868 2199 1868 2115 1892 2067 1868 2065 1868 2006 1868 2005 1868 1880 1879 1878 1879 1849 1893 1777 1870 1775 1870 1773 1870 1772 1870 1733 1882 1707 1870 1706 1870 1629 1870 1627 1870 1625 1870 1590 1886 1548 1871 1546 1871 1544 1871 1429 1873 1427 1873 1352 1895 1165 1867 1010 1897 1007 1897 966 1881 964 1881 963 1881 961 1881 930 1897 928 1899 889 1899 887 1897 842 1873 840 1873 838 1873 836 1873 770 1893 730 1873 728 1873 678 1873 676 1873 675 1873 607 1897 601 1899 598 1897 524 1875 522 1875 521 1875 519 1875 460 1899 458 1899 454 1899 410 1881 409 1881 407 1881 405 1881 370 1899 368 1898 341 1860 270 1848 269 1879 267 1879 266 1879 264 1879 227 1895 229 1952"/></Shape>
	    <String CONTENT="Ó Ceallaigh (anglicisé en  O&#x27; Kellys)  de 1487 à 1488."
                    HPOS="227"
                    VPOS="1848"
                    WIDTH="2121"
                    HEIGHT="137"></String>
          </TextLine>
          <TextLine ID="eSc_line_d8061a9a"
                    TAGREFS="LT12"
                    BASELINE="238 2179 1665 2179 2403 2194" 
                    HPOS="236"
                    VPOS="2081"
                    WIDTH="2167"
                    HEIGHT="139">
            <Shape><Polygon POINTS="236 2187 271 2200 273 2200 275 2200 443 2200 465 2211 467 2211 469 2212 574 2212 574 2211 576 2211 634 2192 651 2189 717 2189 726 2194 763 2212 765 2212 766 2212 911 2198 915 2198 970 2198 1183 2201 1185 2201 1194 2201 1280 2192 1302 2203 1326 2214 1328 2214 1330 2216 1366 2216 1366 2214 1368 2214 1388 2203 1399 2198 1528 2192 1612 2192 1640 2207 1658 2216 1660 2216 1662 2218 1814 2218 1814 2216 1816 2216 1829 2211 1852 2198 1962 2194 1997 2209 1999 2209 2001 2209 2115 2196 2170 2211 2172 2211 2173 2211 2175 2211 2199 2201 2267 2216 2274 2218 2276 2220 2401 2220 2403 2194 2401 2139 2311 2139 2307 2135 2241 2102 2239 2102 2238 2102 2236 2102 2150 2134 2135 2139 2008 2139 1992 2130 1933 2099 1931 2099 1929 2099 1928 2099 1874 2117 1836 2099 1834 2099 1713 2099 1711 2099 1709 2099 1646 2099 1645 2126 1636 2123 1581 2099 1579 2099 1577 2099 1575 2099 1526 2119 1493 2134 1436 2128 1416 2117 1375 2097 1374 2097 1315 2097 1313 2097 1311 2097 1276 2115 1238 2135 1161 2135 1117 2112 1086 2095 1084 2095 1082 2095 1080 2095 1034 2110 963 2134 886 2134 840 2130 790 2104 772 2095 770 2095 706 2095 704 2095 702 2095 686 2102 598 2081 535 2132 451 2097 449 2097 447 2097 445 2097 385 2123 328 2095 324 2093 322 2093 238 2093 238 2179"/></Shape>
	    <String CONTENT="Charlejów (prononciation : [-xar-l-juf]) est un village"
                    HPOS="236"
                    VPOS="2081"
                    WIDTH="2167"
                    HEIGHT="139"></String>
          </TextLine>
          <TextLine ID="eSc_line_3f2fdecd"
                    TAGREFS="LT12"
                    BASELINE="243 2278 702 2284 1056 2299 2331 2293 2460 2300" 
                    HPOS="242"
                    VPOS="2198"
                    WIDTH="2218"
                    HEIGHT="123">
            <Shape><Polygon POINTS="242 2308 264 2319 266 2319 267 2319 269 2319 300 2306 311 2302 790 2302 805 2310 825 2319 827 2319 829 2321 1084 2321 1084 2319 1086 2319 1102 2311 1106 2310 1131 2311 1207 2319 1208 2319 1210 2319 1236 2311 1267 2304 1293 2313 1306 2317 1308 2317 1309 2317 1372 2313 1427 2310 1552 2313 1680 2319 1682 2319 1684 2319 1693 2315 1704 2310 1729 2315 1748 2319 1750 2319 1786 2315 1915 2302 2085 2317 2109 2319 2111 2319 2120 2317 2192 2302 2265 2311 2267 2311 2339 2302 2456 2319 2460 2300 2460 2251 2379 2223 2377 2223 2375 2223 2373 2223 2344 2238 2306 2220 2304 2220 2302 2220 2300 2220 2210 2247 2203 2249 2172 2247 2085 2240 2084 2240 2082 2240 2062 2245 2049 2249 2041 2245 1988 2220 1986 2220 1939 2220 1937 2220 1935 2220 1885 2244 1873 2251 1816 2251 1801 2242 1759 2222 1757 2222 1755 2222 1753 2222 1709 2242 1693 2251 1647 2251 1629 2240 1596 2225 1594 2225 1592 2225 1590 2225 1555 2240 1539 2247 1522 2240 1482 2220 1480 2220 1425 2220 1423 2220 1421 2220 1385 2238 1368 2245 1346 2238 1297 2220 1295 2220 1293 2220 1291 2220 1258 2236 1230 2249 1190 2236 1153 2223 1152 2223 1150 2223 1148 2223 1124 2234 946 2214 788 2251 750 2231 728 2220 726 2220 675 2220 673 2220 671 2220 651 2229 636 2236 603 2229 565 2220 563 2220 561 2220 543 2227 510 2244 440 2203 395 2206 366 2198 246 2205 243 2278"/></Shape>
	    <String CONTENT="polonais de la gmina de Serokomla dans le powiat de"
                    HPOS="242"
                    VPOS="2198"
                    WIDTH="2218"
                    HEIGHT="123"></String>
          </TextLine>
          <TextLine ID="eSc_line_d6e27572"
                    TAGREFS="LT12"
                    BASELINE="201 2385 847 2407 2131 2412 2460 2425" 
                    HPOS="199"
                    VPOS="2317"
                    WIDTH="2261"
                    HEIGHT="128">
            <Shape><Polygon POINTS="199 2405 429 2425 431 2425 432 2425 471 2410 473 2410 550 2410 555 2412 583 2425 585 2425 587 2425 675 2414 695 2412 706 2414 744 2427 746 2427 748 2427 829 2418 856 2414 865 2418 882 2425 884 2425 1053 2432 1054 2432 1186 2423 1201 2423 1208 2423 1262 2434 1263 2434 1320 2425 1366 2420 1546 2431 1572 2431 1574 2431 1579 2431 1629 2423 1654 2432 1676 2440 1678 2440 1680 2440 1746 2434 1832 2425 1906 2436 1931 2440 1933 2440 1948 2438 1990 2427 2456 2445 2460 2425 2458 2376 2383 2374 2298 2339 2296 2339 2117 2337 2115 2337 2113 2337 2089 2348 2065 2337 2063 2337 2062 2337 2010 2346 1986 2335 1984 2335 1983 2335 1981 2335 1944 2344 1876 2335 1874 2335 1873 2335 1810 2365 1724 2365 1682 2344 1680 2344 1678 2344 1676 2344 1632 2365 1588 2365 1509 2330 1507 2330 1506 2330 1419 2341 1396 2332 1394 2332 1392 2332 1390 2332 1333 2357 1278 2332 1276 2332 1275 2332 1273 2332 1205 2359 1203 2359 1201 2359 1100 2339 1098 2339 1097 2339 1056 2330 823 2355 807 2355 733 2321 731 2321 730 2321 728 2321 669 2348 612 2322 610 2322 609 2322 607 2322 544 2352 502 2352 478 2352 478 2350 414 2317 412 2317 317 2317 315 2317 313 2317 247 2348 201 2348 201 2385"/></Shape>
	    <String CONTENT="-uków de la voïvodie de Lublin dans l&#x27;est de la Pologne."
                    HPOS="199"
                    VPOS="2317"
                    WIDTH="2261"
                    HEIGHT="128"></String>
          </TextLine>
          <TextLine ID="eSc_line_55bac1f1"
                    TAGREFS="LT12"
                    BASELINE="214 2638 590 2627 2417 2634" 
                    HPOS="212"
                    VPOS="2537"
                    WIDTH="2205"
                    HEIGHT="115">
            <Shape><Polygon POINTS="212 2641 2414 2652 2417 2634 2417 2581 2348 2546 2346 2546 2344 2546 2342 2546 2272 2575 2208 2546 2206 2546 2205 2546 2137 2559 2071 2546 2069 2546 2067 2546 2021 2568 1984 2553 1983 2553 1981 2553 1979 2553 1944 2568 1884 2563 1882 2563 1880 2563 1851 2575 1834 2585 1781 2585 1766 2575 1709 2546 1707 2546 1706 2546 1704 2546 1641 2574 1627 2583 1445 2583 1427 2572 1370 2544 1368 2544 1317 2544 1315 2544 1313 2544 1276 2563 1238 2544 1236 2544 1137 2544 1135 2544 1133 2544 1109 2555 1049 2544 1047 2544 1045 2544 992 2568 970 2581 807 2581 787 2570 785 2570 783 2570 781 2570 761 2581 631 2537 596 2566 537 2542 535 2542 533 2542 532 2542 469 2564 429 2581 398 2581 368 2564 322 2541 321 2541 255 2541 253 2541 251 2541 214 2559 214 2638"/></Shape>
	    <String CONTENT="Il se situe à environ 6 kilomètres au sud-ouest de Serokomla"
                    HPOS="212"
                    VPOS="2537"
                    WIDTH="2205"
                    HEIGHT="115"></String>
          </TextLine>
          <TextLine ID="eSc_line_39078f13"
                    TAGREFS="LT12"
                    BASELINE="227 2746 418 2735 2085 2744 2302 2750 2408 2764" 
                    HPOS="225"
                    VPOS="2651"
                    WIDTH="2181"
                    HEIGHT="134">
            <Shape><Polygon POINTS="225 2772 629 2752 660 2774 800 2763 932 2777 962 2777 1092 2755 1433 2772 1567 2761 1603 2780 1614 2780 1639 2763 1854 2774 1878 2758 1942 2780 2148 2761 2178 2783 2186 2785 2404 2785 2406 2697 2346 2697 2276 2653 2184 2656 2140 2697 2077 2667 2024 2662 2010 2662 1953 2697 1884 2697 1810 2662 1799 2662 1752 2692 1700 2659 1686 2659 1639 2695 1424 2695 1378 2673 1331 2656 1323 2656 1273 2684 1235 2656 1125 2656 1089 2681 1004 2656 995 2656 973 2664 924 2689 883 2656 847 2662 781 2665 720 2686 682 2667 673 2667 610 2686 566 2653 544 2656 497 2673 442 2653 429 2653 360 2684 324 2656 225 2651 225 2744"/></Shape>
	    <String CONTENT="(siège de la gmina), 29 kilomètres au sud de -uków (siège"
                    HPOS="225"
                    VPOS="2651"
                    WIDTH="2181"
                    HEIGHT="134"></String>
          </TextLine>
          <TextLine ID="eSc_line_da1a3c83"
                    TAGREFS="LT12"
                    BASELINE="198 2863 823 2852 2250 2863" 
                    HPOS="196"
                    VPOS="2775"
                    WIDTH="2054"
                    HEIGHT="116">
            <Shape><Polygon POINTS="198 2863 196 2882 476 2889 478 2889 480 2889 495 2883 513 2876 588 2883 645 2889 647 2889 649 2889 660 2883 684 2871 731 2871 757 2883 765 2889 766 2889 768 2889 770 2889 772 2889 788 2883 829 2872 1003 2872 1025 2885 1031 2887 1032 2887 1034 2887 1036 2887 1042 2885 1065 2872 1322 2872 1350 2885 1359 2889 1361 2889 1363 2889 1596 2887 1597 2887 1599 2887 1623 2874 1707 2887 1728 2889 1729 2891 1849 2891 1849 2889 1851 2889 1854 2887 1876 2876 1922 2887 1933 2889 1935 2889 2010 2887 2012 2887 2034 2876 2247 2887 2250 2863 2250 2810 2197 2781 2195 2781 2194 2781 2113 2792 2074 2781 2073 2781 2071 2781 2069 2781 2014 2810 2005 2814 1995 2810 1933 2781 1931 2781 1929 2781 1928 2781 1873 2803 1830 2784 1829 2784 1827 2784 1825 2784 1781 2808 1768 2814 1689 2814 1676 2806 1625 2779 1623 2779 1575 2779 1574 2779 1572 2779 1520 2805 1507 2814 1328 2814 1306 2803 1302 2803 1300 2803 1298 2803 1284 2803 1212 2810 1196 2803 1142 2777 1141 2777 1086 2777 1084 2777 1082 2777 1040 2799 996 2777 994 2777 992 2777 915 2788 871 2777 869 2777 867 2777 865 2777 827 2797 722 2783 720 2783 719 2783 676 2797 667 2801 660 2797 618 2775 616 2775 533 2775 532 2775 530 2775 489 2795 465 2810 288 2810 260 2794 227 2777 225 2777 223 2777 221 2777 198 2790 198 2863"/></Shape>
	    <String CONTENT="du powiat) et 51 kilomètres au nord-ouest de Lublin"
                    HPOS="196"
                    VPOS="2775"
                    WIDTH="2054"
                    HEIGHT="116"></String>
          </TextLine>
          <TextLine ID="eSc_line_4564a2f2"
                    TAGREFS="LT12"
                    BASELINE="218 2971 1350 2966" 
                    HPOS="216"
                    VPOS="2887"
                    WIDTH="1134"
                    HEIGHT="119">
            <Shape><Polygon POINTS="218 2982 232 2997 232 2999 234 2999 236 2999 238 2999 302 2990 317 3003 317 3004 319 3004 321 3004 322 3006 410 3006 410 3004 412 3004 414 3004 414 3003 432 2986 588 2986 590 2986 592 2986 594 2986 594 2984 596 2984 599 2981 601 2977 731 2981 908 2986 909 2986 935 2982 975 2975 1008 2982 1084 3001 1086 3001 1124 2999 1126 2999 1128 2999 1128 2997 1142 2986 1309 3001 1311 3001 1313 3001 1350 2984 1350 2966 1348 2929 1304 2889 1304 2887 1302 2887 1300 2887 1298 2887 1218 2900 1192 2889 1190 2889 1188 2889 1186 2889 1185 2889 1185 2891 1150 2924 1144 2929 1064 2902 1040 2920 1020 2913 1018 2913 1016 2913 1014 2913 999 2918 968 2929 895 2931 876 2915 847 2889 845 2889 843 2889 810 2889 809 2889 807 2889 805 2889 805 2891 783 2907 765 2931 715 2931 678 2907 649 2889 647 2889 645 2889 643 2889 642 2889 640 2889 621 2905 592 2929 561 2904 546 2891 544 2891 543 2891 504 2891 502 2891 500 2891 498 2891 482 2900 464 2911 453 2900 443 2893 443 2891 442 2891 440 2891 409 2891 407 2891 405 2891 403 2891 403 2893 396 2898 370 2924 354 2913 352 2913 350 2913 348 2913 346 2913 344 2913 344 2915 332 2926 278 2894 275 2891 273 2891 271 2891 269 2891 216 2891 218 2971"/></Shape>
	    <String CONTENT="(capitale de la voïvodie)."
                    HPOS="216"
                    VPOS="2887"
                    WIDTH="1134"
                    HEIGHT="119"></String>
          </TextLine>
        </TextBlock>
        <TextBlock HPOS="1964"
                   VPOS="0"
                   WIDTH="541"
                   HEIGHT="100"
                   ID="eSc_textblock_cadd553a"
                   TAGREFS="BT12">
          <Shape><Polygon POINTS="2098 0 2491 0 2505 64 2227 100 1964 71 1979 14 2098 0"/></Shape>
        </TextBlock>
        <TextBlock HPOS="2346"
                   VPOS="3168"
                   WIDTH="152"
                   HEIGHT="130"
                   ID="eSc_textblock_1c616b4c"
                   TAGREFS="BT12">
          <Shape><Polygon POINTS="2394 3168 2491 3182 2498 3268 2461 3298 2368 3298 2346 3219 2394 3168"/></Shape>
        </TextBlock>
      </PrintSpace>
    </Page>
  </Layout>
</alto>
