2550 3300
231 176 1893 86 J'ai lu les conditions de participation et j'y consens. Je

220 308 1887 78 comprends que mon manuscrit sera anonymisé et

225 414 1803 75 utilisé par BAnQ pour des activités de recherche et

229 526 2111 82 développement et qu'il pourra aussi être publié et partagé

221 638 1974 77 sous licence CC-BY pour être utilisé librement à des fins

229 766 616 57 non commerciales.

225 940 2260 132 Lukovo Brdo (en cyrillique : - -) est un village de Bosnie-Herzégovine.

209 1094 2126 84 Il est situé dans la municipalité de Kakanj, dans le canton de

200 1204 2028 80 Zenica-Doboj et dans la Fédération de Bosnie-et-Herzégovine.

205 1314 2053 84 Selon les premiers résultats du recensement bosnien de 2013, il

214 1430 752 77 compte 50 habitants.

234 1657 2022 84 José Reinaldo de Lima surnommé Reinaldo, né le 11 janvier

227 1772 1581 81 1957 à Ponte Nova, est un footballeur brésilien.

231 1998 1996 73 Fabien Pianazza, né le 7 février 2001, à La Rochelle, est un

225 2117 2081 73 véliplanchiste français. En 2019, il a été sacré champion du

216 2234 1156 85 monde junior en RS:X, à Gdynia.

221 2456 2099 116 Shigeaki Kato (-, Kato Shigeaki), né le 11 juillet 1987 à Osaka,

203 2592 813 81 est un artiste japonais.

210 2792 2112 110 Il fait partie avec Yamashita Tomohisa, Nishikido Ryo, Koyama

214 2909 2025 105 Keiichiro, Masuda Takahisa et Tegoshi Yuya du groupe NewS

205 3047 1033 89 de la Johnny's Entertainment.

1997 31 492 69 wikitexte_0052
