2550 3300
1609 195 764 135 Wikitexte_0185

288 390 2062 231 J'ai lu les conditions de participation et j'y consens.

280 548 1788 168 Je comprends que mon manuscrit sera

280 659 2051 181 anonymisé et utilisé par BAnQ pour des activités

282 770 2080 189 de recherche et développement et qu'il pourra

286 876 2060 204 aussi être publié et partagé sous licence CC-BY

293 984 2024 210 pour être utilisé librement à des fins non

332 1109 674 161 commerciales.

289 1166 1941 234 Luis Manuel del Pino González (Madrid,

343 1349 1843 234 9 juin 1962) est un journaliste et essayiste

300 1450 494 193 espagnol.

288 1533 2038 225 Tesoma est une zone de planification située

293 1660 1998 227 à 8 km à l'ouest du centre-ville de Tampere

291 1798 483 121 en Finlande.

291 1884 1943 182 Tesoma comprend les zones statistiques:

289 2004 2046 208 Epilänharju, Tohloppi, Haukiluoma, Lamminpää,

288 2142 1843 190 Myllypuro, Ikuri, Ristimäki et Tesomajärvi.

278 2257 2116 157 Les zones statistiques correspondent à peu près

291 2373 668 153 aux quartiers.

286 2458 2102 178 Gérard Fernand Marcel Marc Frémy (12 mars

289 2599 1996 148 1935 à Bois-Colombes - 19 janvier 2014

308 2707 1552 227 à Haguenau) est un pianiste,

302 2817 2011 205 percussionniste et compositeur français.

2349 3135 104 110 1
