2550 3300
1834 258 602 150 wikitexte-0182

371 435 1947 215 J'ai lu les conditions de participation et j'y

361 557 1835 121 consens. Je comprends que mon manuscrit

361 623 1891 144 sera anonymisé et utilisé par BAnQ pour des

354 722 1933 106 activités de recherche et développement et qu'il

357 800 2027 143 pourra aussi être publié et partagé sous licence

355 889 1835 97 CC-BY pour être utilisé librement à des fins

359 957 776 115 non commerciales.

339 1116 1992 148 La région Belton (Belton Regio), anciennement

343 1208 2067 159 officieusement la région Cthulhu (Cthulhu Regio)

335 1298 1879 110 puis la macule Cthulhu (Cthulhu Macula),

343 1374 2069 112 surnommée « la baleine » en raison de sa forme,

341 1468 2020 122 est une région de faible albédo (qui apparaît

354 1554 2025 92 donc sombre) qui s'étend sur environ 3 000

349 1613 1905 132 kilomètres le long de l'équateur de Pluton.

352 1710 2153 130 Elle est située à l'ouest de la région Tombaugh,

344 1804 2064 128 le « cœur » de Pluton, à l'opposé de la région

350 1859 2093 122 sombre nommée Safronov (anciennement nommée

346 1952 1475 112 officieusement la macule Krun).

332 2099 2166 137 Le nom officieux initial faisait référence à Cthulhu,

341 2203 2131 119 une monstrueuse entité cosmique inventée par l'écrivain

337 2266 2033 132 américain Howard Phillips Lovecraft en 1928. Le nom

339 2364 2071 109 officiel fait pour sa part référence à Michael J. S.

330 2442 2192 132 Belton (1934-2018), astronome britannique qui, en 2002,

337 2527 2104 178 présida le premier Planetary Science Decadal Survey,

341 2606 1920 159 qui établit le programme New Frontiers de la

352 2706 1706 102 NASA, dont la mission New Horizons à

346 2755 1926 182 destination de Pluton et de la ceinture de

361 2877 308 116 Kuiper.
