2550 3300
2012 225 416 81 wikitexte_0281

280 330 2157 88 La 20e étape du Tour de France 2023 se déroule le samedi

272 440 1953 112 22 juillet 2023 entre Belfort (Territoire de Belfort) et

275 558 2057 102 Le Markstein (Haut-Rhin), sur une distance de 133,5 kilomètres.

236 693 2203 100 Grzegorz Lech Królikiewicz est un réalisateur, scénariste, pédagogue

261 811 2112 85 et professeur d'arts cinématographiques polonais né le 5 juin 1939 à

255 924 2083 96 Aleksandrów Kujawski, décédé le 21 septembre 2017 à -ód--

253 1031 2085 102 Temnaoré-Foulbé est un village situé dans le département de

234 1163 2182 96 Kongoussi de la province du Bam dans la région du Centre-Nord

280 1273 735 96 au Burkina Faso.

250 1394 2228 91 Eva Urevc est une fondeuse slovène, née le 2 novembre 1995

239 1518 1950 101 à Jesenice, qui a commencé en tant que biathlète.

280 1630 1937 108 Elle est spécialiste du sprint. Aux Championnats du

269 1754 2102 94 monde de ski nordique 2021, elle remporte la médaille

261 1881 2176 101 de bronze du sprint par équipes avec Anamarija Lampi-,

258 2095 1953 102 La sonate K. 131 (F.90/L.300) en si bémol mineur

261 2224 1909 91 est une œuvre pour clavier du compositeur italien

291 2332 773 99 Domenico Scarlatti
