2550 3300
251 381 2153 165 J'ai lu les conditions de participation et

250 531 1810 166 j'y consens. Je comprends que mon

253 623 2129 156 manuscrit sera anonymisé et utilisé par

264 734 2145 131 BAnQ pour des activités de recherche et

262 858 2067 177 développement et qu'il pourra aussi

247 958 2147 161 être publié et partagé sous licence CC-BY

255 1043 2132 180 pour être utilisé librement à des fins

249 1237 956 84 non commerciales.

243 1314 2009 156 Regine est un cultivar de pommier

251 1408 2062 170 domestique. Cette variété résistante

256 1530 1936 120 est disponible dans de nombreuses

240 1632 1955 139 jardineries et pépinières en Europe.

249 1745 2101 153 Ultimate Canada est un organisme

258 1835 2019 150 à but non lucratif qui fait office

269 1970 2086 176 d’organe directeur du sport ultimate

256 2071 2095 159 au Canada. Il gère les Championnats

266 2192 2005 116 canadiens d’ultimate (CCU) et le

271 2306 2064 126 Championnat universitaire canadien

294 2420 498 129 (CUUC).

280 2506 2062 183 Guido d'Arezzo - également appelé Gui

258 2640 1978 154 ou Guy d'Arezzo voire Gui l'Arétin

260 2712 1948 157 ou Guidon Arétin en français, Guidus

260 2865 1893 110 Aretinus en latin ou encore Guido

1575 170 776 110 Wikitexte-0201
