2550 3300
1720 89 633 85 wikitexte_0066

244 162 1860 194 J'ai lu les conditions de participation et j'y

253 286 2008 184 consens. Je comprends que mon manuscrit

252 386 2113 174 sera anonymisé et utilisé par BAnQ pour des

249 502 2132 212 activités de recherche et développement et qu'il

260 634 1868 201 pourra aussi être publié et partagé sous

249 740 2084 173 licence CC-BY pour être utilisé librement à des

247 868 1042 148 fins non commerciales.

253 990 2120 164 Derek Cormier (né le 27 février 1973 à Moncton,

251 1101 2003 154 dans la province du Nouveau-Brunswick au

260 1221 1853 217 Canada) est un joueur professionnel de

245 1329 793 184 hockey sur glace.

255 1470 2025 171 En 1999 il s'est marié à Rhonda Cormier qui

243 1598 2064 190 est originaire de Dieppe, Nouveau-Brunswick.

242 1693 1717 173 Il a 3 enfants : Ellie, Cole et Cooper.

247 1811 2003 215 Javier Delgado, de son vrai nom Javier Omar

251 1925 1722 206 Delgado Papariello, est un footballeur

240 2046 1928 231 uruguayen né le 8 juillet 1975 à Montevideo

271 2174 499 197 (Uruguay).

247 2264 2135 198 Faluas do Tejo est le huitième album du groupe

241 2413 2136 164 portugais Madredeus sorti en 2005 au Portugal.

245 2517 2181 185 Volujak (en cyrillique : -) est un village de Bosnie-

242 2636 2124 195 Herzégovine. Il est situé dans la municipalité de

245 2758 2015 136 Kre-evo, dans le canton de Bosnie centrale et

243 2887 1952 218 dans la Fédération de Bosnie-et-Herzégovine.
