2550 3300
198 328 2049 343 J'ai lu les conditions de participation et j'y consens.

214 558 2066 262 Je comprends que mon manuscrit sera anonymisé et

227 707 2069 218 utilisé par BAnQ pour des activités de recherche et

227 809 2047 254 développement et qu'il pourra aussi être publié et

225 977 1835 201 partagé sous licence CC-BY pour être utilisé

251 1092 1611 203 librement à des fins non commerciales.

228 1206 2074 380 Pierre Charié, né le 14 janvier 1915 à Égry (Loiret),

250 1397 2068 292 décédé le 12 mars 1973 à Égry, est un résistant et

244 1526 2149 340 un homme politique français. Il est père de Jean-Paul

240 1640 378 131 Charié.

239 1765 2013 303 Cette liste présente les matchs de l'équipe de France de

240 1913 2047 293 football par adversaire rencontré depuis son premier

247 2054 2038 261 match contre l'équipe de Belgique le  1er mai 1904.

258 2168 1959 256 Au 18 novembre 2023, la France a rencontré 86

240 2289 1954 237 adversaires (sélections nationales A uniquement).

260 2429 2174 261 Charles Joseph Édouard Potier (Bordeaux, 31 juillet

264 2581 2119 251 1806 - Asnières, 26 avril 1870) est un auteur dramatique

269 2695 800 164 et comédien français.

243 2791 2097 257 Petrovo (allemand : Petermannsdorf bei Niedersalz, est un

269 2933 1888 225 village de Slovaquie situé dans la région de Ko-ice.

200 3033 2231 203 Thomas Ladnier dit « Tommy Ladnier » est un trompettiste de jazz

2427 3190 89 93 1

1693 27 556 116 wikitexte_0167
