2550 3300
1858 104 492 77 wikitexte_0112

238 191 2066 152 J'ai lu les conditions de participation et j'y consens. Je

217 316 2132 126 comprends que mon manuscrit sera anonymisé et utilisé par

192 440 2239 116 BAnQ pour des activités de recherche et développement et qu'il pourra

201 566 2176 126 aussi être >< publié et partagé sous licence CC-BY pour être

174 685 1611 130 utilisé librement à des fins non commerciales.

200 777 2179 145 Jacques Lavigne, né le 14 novembre 1919 à Montréal et mort le 25 mai

189 915 1161 108 1999) est un philosophe canadien.

203 1034 2206 122 Auteur de L'Inquiétude humaine, il est parfois considéré comme

167 1152 2085 128 le premier philosophe de la modernité à voir le jour au Québec.

198 1270 2186 128 Eugène Rouché est un mathématicien français, né le 18 août 1832 à

165 1387 2008 92 Sommières (Gard) et mort le 19 août 1910 à Lunel (Hérault).

198 1509 2178 130 Drahnsdorf  est une commune de Brandebourg (Allemagne), située dans

178 1619 1367 116 l'arrondissement de Dahme-Forêt-de-Spree.

200 1719 801 142 Portail du Brandebourg

159 1846 2192 156 Les amoureux sont seuls au monde est un film français réalisé

166 1983 1171 88 par Henri Decoin, sorti en 1948.

176 2090 2343 128 Le Parti national républicain (en espagnol : Partido Nacional Republicano,

166 2214 2272 130 PNR) est un parti politique espagnol, fondé par Felipe Sánchez-Román

165 2333 2080 130 en 1934. Il fut dissous au début de la guerre civile en 1936.

157 2447 2259 145 Portail du droit   Portail de la politique en Espagne   Portail des années

172 2538 1020 138 1930   Portail de la république
