2550 3300
126 211 2137 160 J'ai lu les conditions de participation et j'y

106 364 2238 114 consent. Je comprends que mon manuscrit sera

132 470 2228 115 anonymisé et utilisé par BAnQ pour des activités

132 590 2342 121 de recherche et développement et qu'il pourra aussi être

154 695 2332 138 publié et partagé sous licence CC-BY pour être utilisé

140 808 1708 121 librement à des fins non commerciales.

159 1008 2326 121 L'Unterseeboot 734 ou U-734 est un sous-marin allemand

141 1138 2308 138 (U-Boot) de type VIIC utilisé par la Kriegsmarine pendant

111 1281 1217 106 la Seconde Guerre mondiale.

121 1483 2370 123 Le sous-marin fut commandé le 21 novembre 1940 à Dantzig

121 1598 2337 132 (Schichau-Werke), sa quille fut posée le 20 octobre 1941, il fut

112 1718 2341 135 lancé le 19 septembre 1942, et mis en service le 5 décembre 1942,

78 1820 2415 180 sous le commandement de l'Oberleutnant zur See Hans-Jörg Blauert.

99 1952 2384 151 L'U-734 n'endommagea ou ne coula aucun navire au cours des 2

86 2095 1772 139 patrouilles (60 jours en mer) qu'il effectua.

152 2284 2324 169 Il fut coulé par la Royal Navy dans l'Atlantique Nord, en

68 2400 2352 171 février 1944. David Geerts, né le 17 avril 1975 à Bombay (Inde)

27 2549 2190 140 est un homme politique belge flamand, membre du Sp.a.

57 2752 2479 154 Carin Bakkum (née le 25 juillet 1962) est une joueuse de tennis néerlandaise,

27 2882 2423 143 professionnelle du milieu des années 1980 à 1995. Elle a remporté un

20 3001 2474 135 tournoi WTA en double dames pendant sa carrière. Christian Rimmel

35 3132 1843 124 est un sauteur à ski allemand, né en 1968

1904 16 420 97 wikitexte_0153
