2550 3300
239 203 1981 129 J'ai lu les conditions de participation et j'y consens.

222 335 1975 134 Je comprends que mon manuscrit sera anonymisé

250 440 2035 101 et utilisé par BAnQ pour des activités de recherche

217 555 1964 118 développement et qu'il pourra aussi être publié et

236 679 2107 113 partagé sous <> licence CC-BY pour être utilisé librement

199 789 1053 102 à des fins non commerciales.

194 1004 2145 176 Ronya, fille de brigand est un roman de grande notoriété

198 1132 2159 155 écrit par Astrid Lindgren, paru en 1981 et traduit en français

196 1281 2137 83 en 1984 par les traductrices choisies personnellement par

199 1393 2242 106 Astrid Lindgren, Agneta Ségol, suédoise, professeur de <>

201 1488 2222 145 langue suédoise à l'Université de Caen, et Brigitte Duval,

201 1629 2299 175 scandinaviste, secrétaire générale de l'office franco-norvégien.

211 1845 2297 143 Un <> film, Ronya, la fille du brigand (Ronja Rövardotter),

209 1957 2128 127 <> a été tiré du livre par Tage Danielsson, en 1984.

203 2092 2231 165 Une série d'animation japonaise, Ronja fille de brigand,

203 2229 1726 168 en a été adaptée par Gor- Miyazaki en 2014.

209 2445 2298 149 Le Henschel Hs 132 est un prototype d'avion d'interception

209 2544 2284 164 et de bombardement en piqué conçu pendant la seconde

187 2674 2328 125 Guerre mondiale par Henschel. Cet avion, original par la position

202 2790 2191 147 couchée du pilote, n'est jamais entré en service : seul le

214 2938 2141 92 premier prototype a abouti, mais il a été capturé par

236 3041 2113 156 l'armée soviétique avant son premier vol. Les prototypes

200 3148 2193 113 V2 et V3 en étaient à ce moment à 80 % et 75 % d'achèvement.

1906 33 598 91 wikitexte_0245
