<?xml version="1.0" encoding="UTF-8"?>
<alto xmlns:xsi="http://www.w3.org/2001/XMLSchema-instance"
      xmlns="http://www.loc.gov/standards/alto/ns-v4#"
      xsi:schemaLocation="http://www.loc.gov/standards/alto/ns-v4# http://www.loc.gov/standards/alto/v4/alto-4-2.xsd">
  <Description>
    <MeasurementUnit>pixel</MeasurementUnit>
    <sourceImageInformation>
      <fileName>wikitexte_0032_1.jpg</fileName>
    </sourceImageInformation>
  </Description>
  <Tags>
    <OtherTag ID="BT1" LABEL="Title" DESCRIPTION="block type Title"/><OtherTag ID="BT2" LABEL="Main" DESCRIPTION="block type Main"/><OtherTag ID="BT3" LABEL="Commentary" DESCRIPTION="block type Commentary"/><OtherTag ID="BT4" LABEL="Illustration" DESCRIPTION="block type Illustration"/><OtherTag ID="BT7" LABEL="text" DESCRIPTION="block type text"/>
    <OtherTag ID="LT7" LABEL="default" DESCRIPTION="line type default"/>
  </Tags>
  <Layout>
    <Page WIDTH="2550"
          HEIGHT="3300"
          PHYSICAL_IMG_NR="0"
          ID="eSc_dummypage_">
      <PrintSpace HPOS="0"
                  VPOS="0"
                  WIDTH="2550"
                  HEIGHT="3300">
        <TextBlock HPOS="132"
                   VPOS="176"
                   WIDTH="2388"
                   HEIGHT="2938"
                   ID="eSc_textblock_2eadf258"
                   TAGREFS="BT7">
          <Shape><Polygon POINTS="1939 176 2373 190 2373 262 2337 291 2381 344 2381 621 2344 770 2359 826 2315 902 2344 1193 2285 1232 2285 1266 2337 1310 2315 1332 1502 1332 1186 1369 1913 1408 2300 1386 2307 1413 2080 1420 2315 1428 1992 1450 2300 1481 2337 1545 2206 1545 1918 1611 2322 1648 1935 1655 2021 1664 2021 1699 1926 1728 2337 1782 2381 1921 2403 2271 2300 2308 2117 2286 895 2300 731 2344 2315 2354 2322 2374 909 2381 755 2396 702 2432 1100 2486 1838 2493 1339 2508 1443 2522 2307 2530 2359 2566 2329 2630 1078 2652 880 2682 996 2726 851 2740 783 2792 1414 2867 2307 2874 2359 2896 2390 2977 2513 3014 2520 3092 2344 3114 168 3114 146 2997 154 1628 132 1479 154 1318 154 293 225 264 1273 286 1735 322 1970 271 1876 240 1876 198 1939 176"/></Shape>
          <TextLine ID="eSc_line_632d8e2e"
                    TAGREFS="LT7"
                    BASELINE="1896 227 2364 231" 
                    HPOS="1895"
                    VPOS="177"
                    WIDTH="469"
                    HEIGHT="72">
            <Shape><Polygon POINTS="2353 188 2335 188 2317 188 2298 187 2280 187 2261 187 2243 185 2228 185 2216 198 2205 198 2150 198 2150 196 2117 181 2115 181 2096 181 2085 192 2062 181 2060 181 2041 179 2012 187 1977 177 1975 177 1973 177 1972 177 1970 177 1951 194 1950 194 1896 194 1896 227 1895 249 2362 249 2364 231 2364 198 2353 188 2353 188"/></Shape>
	    <String CONTENT="wikitexte_0032"
                    HPOS="1895"
                    VPOS="177"
                    WIDTH="469"
                    HEIGHT="72"></String>
          </TextLine>
          <TextLine ID="eSc_line_cadb26cd"
                    TAGREFS="LT7"
                    BASELINE="187 352 228 352 1298 348" 
                    HPOS="181"
                    VPOS="288"
                    WIDTH="1114"
                    HEIGHT="86">
            <Shape><Polygon POINTS="184 352 184 374 1292 371 1295 346 1292 302 1273 288 1270 288 1268 288 1265 288 1188 305 1180 305 1147 305 929 291 927 291 803 299 693 308 657 299 624 288 621 288 618 288 616 288 613 288 602 297 585 308 558 297 536 288 533 288 530 288 528 288 511 297 489 308 181 294 184 352"/></Shape>
	    <String CONTENT="Référence du texte : wikitexte_0032"
                    HPOS="181"
                    VPOS="288"
                    WIDTH="1114"
                    HEIGHT="86"></String>
          </TextLine>
          <TextLine ID="eSc_line_f42891ca"
                    TAGREFS="LT7"
                    BASELINE="166 471 2346 465" 
                    HPOS="166"
                    VPOS="399"
                    WIDTH="2180"
                    HEIGHT="131">
            <Shape><Polygon POINTS="166 487 1406 530 1545 515 1621 489 2150 496 2151 496 2344 482 2346 465 2342 434 2159 434 2155 432 2095 416 2093 416 2091 416 2089 416 2032 432 2025 434 1849 434 1843 430 1814 416 1812 416 1770 416 1768 416 1766 416 1737 430 1731 432 1684 429 1619 425 1618 425 1616 425 1603 429 1583 436 1377 436 1361 427 1350 423 1348 423 1346 423 1302 427 1232 434 1210 427 1186 418 1185 418 1183 418 1181 418 1163 427 1153 432 1073 432 1062 425 1045 418 1043 418 1042 418 1040 418 1023 425 1008 432 968 425 963 425 961 425 959 425 957 425 939 434 915 425 895 418 893 418 891 418 889 418 871 425 838 436 805 425 801 423 799 423 798 423 788 425 730 436 706 423 697 419 695 419 636 419 634 419 632 419 621 423 585 436 557 427 555 427 554 427 552 427 517 436 489 423 482 419 480 419 478 419 462 421 407 434 381 421 376 419 374 419 372 419 370 419 363 421 328 432 304 421 300 419 299 419 297 419 167 399 166 471"/></Shape>
	    <String CONTENT="J&#x27;ai lu les conditions de participation et j&#x27;y consens. Je comprends que mon"
                    HPOS="166"
                    VPOS="399"
                    WIDTH="2180"
                    HEIGHT="131"></String>
          </TextLine>
          <TextLine ID="eSc_line_96ed0b7e"
                    TAGREFS="LT7"
                    BASELINE="168 588 2366 583" 
                    HPOS="166"
                    VPOS="537"
                    WIDTH="2200"
                    HEIGHT="98">
            <Shape><Polygon POINTS="168 606 1545 635 1656 613 2366 599 2366 583 2362 551 2291 540 2289 540 2287 540 2250 550 2212 539 2210 539 2208 539 2144 548 2120 537 2118 537 2117 537 2056 550 1994 537 1992 537 1906 546 1858 537 1856 537 1777 550 1711 537 1709 537 1629 553 1517 553 1458 539 1456 539 1454 539 1429 551 1401 539 1399 539 1341 539 1339 539 1337 539 1309 553 1133 553 1027 539 1025 539 1023 539 974 551 922 539 920 539 919 539 917 539 889 553 796 542 794 542 792 542 768 555 487 555 377 540 376 540 374 540 339 551 212 544 210 544 209 544 166 555 168 588"/></Shape>
	    <String CONTENT="manuscrit sera anonymisé et utilisé par BAnQ pour des activités de recherche"
                    HPOS="166"
                    VPOS="537"
                    WIDTH="2200"
                    HEIGHT="98"></String>
          </TextLine>
          <TextLine ID="eSc_line_442d4b43"
                    TAGREFS="LT7"
                    BASELINE="168 709 2324 702" 
                    HPOS="166"
                    VPOS="652"
                    WIDTH="2158"
                    HEIGHT="96">
            <Shape><Polygon POINTS="168 709 168 748 278 746 280 746 332 727 390 746 392 746 394 746 396 746 401 746 482 729 656 729 689 742 702 746 704 746 706 746 708 746 720 740 755 727 794 727 818 740 827 744 829 744 831 744 832 744 851 738 895 727 1252 727 1265 733 1284 742 1286 742 1287 742 1289 742 1313 733 1330 727 1500 727 1509 731 1542 742 1544 742 1546 742 1638 729 1649 727 1651 727 1678 742 1680 742 1682 744 1726 744 1726 742 1728 742 1785 726 1790 724 2322 718 2324 702 2320 654 2249 652 2247 652 2245 652 2241 654 2216 667 2159 654 2144 652 2142 652 2140 652 2135 656 2111 669 1994 669 1942 658 1915 652 1913 652 1880 658 1830 667 1775 660 1739 654 1737 654 1735 654 1720 660 1698 667 1674 660 1654 654 1652 654 1651 654 1649 654 1630 660 1605 669 1555 661 1528 658 1526 658 1491 661 1438 669 1405 663 1366 656 1364 656 1363 656 1346 663 1335 671 1262 671 1238 665 1190 656 1188 656 1186 656 1164 665 1152 672 842 672 838 669 810 656 809 656 807 656 697 671 689 671 687 671 664 658 662 658 660 658 658 658 620 669 577 658 576 658 574 658 484 672 480 672 478 672 385 658 383 658 324 669 300 658 299 658 201 658 199 658 198 658 166 672 168 709"/></Shape>
	    <String CONTENT="et développement et qu&#x27;il pourra aussi être publié et partagé sous licence CC-BY"
                    HPOS="166"
                    VPOS="652"
                    WIDTH="2158"
                    HEIGHT="96"></String>
          </TextLine>
          <TextLine ID="eSc_line_da506cfe"
                    TAGREFS="LT7"
                    BASELINE="172 826 1770 825" 
                    HPOS="170"
                    VPOS="779"
                    WIDTH="1600"
                    HEIGHT="68">
            <Shape><Polygon POINTS="172 826 172 847 1768 843 1770 825 1768 793 1731 779 1729 779 1728 779 1223 792 1128 779 1126 779 1124 779 1089 792 1034 779 1032 779 1031 779 1029 779 1010 793 926 793 876 779 875 779 873 779 871 779 845 793 724 793 706 779 704 779 702 779 660 779 658 779 656 779 609 792 508 779 506 779 449 792 431 779 429 779 427 779 330 779 328 779 326 779 324 779 306 790 185 784 183 784 181 784 179 784 170 790 172 826"/></Shape>
	    <String CONTENT="pour être utilisé librement à des fins non commerciales."
                    HPOS="170"
                    VPOS="779"
                    WIDTH="1600"
                    HEIGHT="68"></String>
          </TextLine>
          <TextLine ID="eSc_line_5f14e8fd"
                    TAGREFS="LT7"
                    BASELINE="166 1068 2324 1059" 
                    HPOS="165"
                    VPOS="1001"
                    WIDTH="2159"
                    HEIGHT="84">
            <Shape><Polygon POINTS="166 1068 166 1085 2322 1085 2324 1059 2317 1004 2272 1017 2236 1008 2234 1008 2232 1008 2230 1008 2201 1024 2091 1024 2045 1004 2034 1001 2032 1001 1979 1001 1977 1001 1975 1001 1966 1004 1942 1017 1918 1004 1909 1001 1907 1001 1906 1001 1904 1001 1895 1004 1856 1026 1643 1026 1603 1008 1601 1008 1585 1006 1504 1002 1502 1002 1500 1002 1491 1006 1451 1028 1399 1028 1361 1012 1359 1012 1357 1012 1355 1012 1328 1024 1308 1015 1306 1015 1304 1015 1219 1026 1155 1008 1153 1008 1152 1008 1150 1008 1100 1026 1062 1008 1054 1004 1053 1004 1051 1004 1049 1004 1040 1008 994 1028 876 1010 875 1010 873 1010 803 1030 753 1030 715 1010 713 1008 711 1008 709 1008 708 1008 704 1010 665 1028 634 1017 632 1017 631 1017 532 1026 497 1010 493 1008 491 1008 489 1008 487 1008 480 1010 432 1023 377 1010 365 1008 363 1008 165 1010 166 1068"/></Shape>
	    <String CONTENT="Les Sept Œuvres de miséricorde (en italien Sette opere di Misericordia)"
                    HPOS="165"
                    VPOS="1001"
                    WIDTH="2159"
                    HEIGHT="84"></String>
          </TextLine>
          <TextLine ID="eSc_line_d934e52f"
                    TAGREFS="LT7"
                    BASELINE="168 1182 2320 1175" 
                    HPOS="166"
                    VPOS="1125"
                    WIDTH="2154"
                    HEIGHT="108">
            <Shape><Polygon POINTS="168 1199 544 1210 953 1233 2318 1193 2320 1175 2318 1145 2272 1125 2271 1125 2199 1125 2197 1125 2195 1125 2148 1144 2096 1125 2095 1125 2023 1125 2021 1125 2019 1125 1951 1144 1885 1125 1884 1125 1882 1125 1880 1125 1841 1145 1761 1145 1731 1131 1729 1131 1728 1131 1726 1131 1680 1147 1507 1147 1469 1127 1467 1127 1465 1127 1463 1127 1418 1144 1386 1129 1385 1129 1383 1129 1320 1136 1276 1127 1275 1127 1273 1127 1234 1147 1170 1147 1135 1131 1133 1131 1131 1131 1130 1131 1098 1147 975 1147 942 1136 941 1136 939 1136 836 1147 720 1129 719 1129 717 1129 715 1129 684 1147 647 1131 645 1131 643 1131 642 1131 605 1149 377 1131 376 1131 295 1149 216 1131 214 1131 212 1131 166 1149 168 1182"/></Shape>
	    <String CONTENT="est un tableau de Caravage peint en 1607 et conservé au Pio Monte della"
                    HPOS="166"
                    VPOS="1125"
                    WIDTH="2154"
                    HEIGHT="108"></String>
          </TextLine>
          <TextLine ID="eSc_line_61e87322"
                    TAGREFS="LT7"
                    BASELINE="172 1303 952 1303" 
                    HPOS="172"
                    VPOS="1215"
                    WIDTH="780"
                    HEIGHT="149">
            <Shape><Polygon POINTS="172 1316 238 1329 800 1364 952 1321 952 1303 952 1274 909 1274 887 1252 887 1250 886 1250 884 1250 882 1250 794 1263 761 1248 759 1248 757 1248 755 1248 753 1248 753 1250 739 1263 730 1255 728 1255 726 1255 724 1255 722 1255 720 1255 700 1274 647 1274 621 1250 621 1248 620 1248 618 1248 616 1248 614 1248 612 1248 581 1274 530 1274 487 1248 486 1248 484 1248 482 1248 480 1248 478 1248 238 1215 201 1248 199 1248 198 1248 196 1248 172 1268 172 1303"/></Shape>
	    <String CONTENT="Misericordia de Naples."
                    HPOS="172"
                    VPOS="1215"
                    WIDTH="780"
                    HEIGHT="149"></String>
          </TextLine>
          <TextLine ID="eSc_line_34d24865"
                    TAGREFS="LT7"
                    BASELINE="165 1543 442 1536 2155 1536" 
                    HPOS="163"
                    VPOS="1444"
                    WIDTH="1992"
                    HEIGHT="116">
            <Shape><Polygon POINTS="165 1560 2153 1552 2155 1536 2153 1501 2104 1477 2102 1477 2100 1477 2098 1477 2047 1501 2043 1501 1962 1492 1961 1492 1959 1492 1940 1499 1884 1481 1882 1481 1880 1481 1878 1481 1821 1499 1810 1501 1799 1499 1728 1477 1726 1477 1724 1477 1652 1490 1629 1483 1627 1483 1625 1483 1623 1483 1599 1496 1588 1501 1491 1501 1480 1494 1452 1479 1451 1479 1449 1479 1447 1479 1407 1494 1383 1503 1333 1503 1315 1492 1306 1488 1304 1488 1302 1488 1280 1492 1234 1501 1216 1492 1196 1481 1194 1481 1192 1481 1190 1481 1157 1490 1152 1492 1144 1490 1104 1477 1102 1477 1100 1477 1098 1477 1075 1490 1064 1496 1038 1488 1014 1483 1012 1483 1010 1483 1008 1483 997 1488 972 1503 865 1503 836 1486 834 1486 832 1486 831 1486 829 1486 827 1486 779 1501 730 1485 722 1483 720 1483 719 1483 717 1483 708 1485 667 1497 640 1485 636 1483 634 1483 632 1483 631 1483 627 1485 585 1501 537 1483 532 1481 530 1481 528 1481 526 1481 522 1483 487 1503 431 1503 383 1481 374 1477 372 1477 370 1477 354 1481 206 1444 163 1479 165 1543"/></Shape>
	    <String CONTENT="Le château des Laitiers ou des Lettiers, est un édifice situé à La"
                    HPOS="163"
                    VPOS="1444"
                    WIDTH="1992"
                    HEIGHT="116"></String>
          </TextLine>
          <TextLine ID="eSc_line_7164bfe9"
                    TAGREFS="LT7"
                    BASELINE="177 1657 1350 1655" 
                    HPOS="176"
                    VPOS="1579"
                    WIDTH="1174"
                    HEIGHT="94">
            <Shape><Polygon POINTS="177 1672 1346 1673 1350 1655 1346 1628 1097 1628 1047 1611 1045 1611 1043 1611 1042 1611 994 1626 968 1604 968 1602 966 1602 944 1579 906 1602 904 1602 902 1602 900 1602 900 1604 875 1626 827 1617 825 1617 742 1626 724 1609 724 1607 722 1607 720 1607 719 1607 671 1617 631 1602 629 1602 627 1602 587 1604 585 1604 583 1604 563 1618 533 1602 532 1602 530 1602 528 1602 526 1602 500 1620 489 1611 489 1609 487 1609 486 1609 431 1602 429 1602 427 1602 425 1602 394 1624 368 1602 366 1602 365 1602 317 1602 315 1602 313 1602 275 1622 255 1604 255 1602 253 1602 251 1602 207 1602 205 1602 203 1602 201 1602 176 1620 177 1657"/></Shape>
	    <String CONTENT="Trinité-des-Laitiers, en France."
                    HPOS="176"
                    VPOS="1579"
                    WIDTH="1174"
                    HEIGHT="94"></String>
          </TextLine>
          <TextLine ID="eSc_line_ade675b1"
                    TAGREFS="LT7"
                    BASELINE="163 1895 693 1888 2350 1888" 
                    HPOS="161"
                    VPOS="1796"
                    WIDTH="2189"
                    HEIGHT="152">
            <Shape><Polygon POINTS="163 1912 364 1948 1534 1944 1555 1915 1557 1915 1559 1915 1586 1906 1590 1904 2142 1904 2150 1904 2234 1914 2236 1914 2348 1903 2350 1888 2348 1855 2291 1840 2289 1840 2140 1853 2122 1853 2118 1851 2098 1842 2096 1842 2095 1842 2054 1851 2051 1851 2043 1851 1915 1840 1913 1840 1911 1840 1878 1849 1865 1853 1834 1849 1713 1833 1711 1833 1709 1833 1673 1848 1660 1853 1550 1851 1537 1846 1493 1835 1491 1835 1443 1835 1441 1835 1440 1835 1416 1846 1394 1855 1192 1844 1155 1842 1153 1842 1152 1842 1150 1844 1124 1857 942 1857 869 1840 838 1835 746 1835 744 1835 742 1835 728 1838 698 1848 675 1838 664 1835 662 1835 660 1835 658 1835 645 1838 590 1855 530 1846 528 1846 480 1855 420 1838 418 1838 416 1838 344 1855 286 1835 284 1835 247 1796 161 1835 163 1895"/></Shape>
	    <String CONTENT="En phonétique articulatoire, une consonne affriquée est une consonne composée"
                    HPOS="161"
                    VPOS="1796"
                    WIDTH="2189"
                    HEIGHT="152"></String>
          </TextLine>
          <TextLine ID="eSc_line_db448463"
                    TAGREFS="LT7"
                    BASELINE="163 2009 2364 2003" 
                    HPOS="161"
                    VPOS="1956"
                    WIDTH="2203"
                    HEIGHT="100">
            <Shape><Polygon POINTS="163 2046 2311 2056 2364 2003 2361 1970 2287 1970 2287 1969 2260 1956 2258 1956 2256 1956 2254 1956 2216 1969 2148 1956 2146 1956 2144 1956 2095 1969 2095 1970 2012 1970 2012 1969 1984 1956 1983 1956 1981 1956 1906 1969 1904 1970 1674 1970 1673 1969 1630 1959 1629 1959 1526 1969 1520 1969 1496 1958 1495 1958 1493 1958 1491 1958 1447 1969 1440 1970 1430 1969 1390 1958 1388 1958 1300 1958 1298 1958 1297 1958 1256 1969 1247 1970 1234 1969 1168 1958 1166 1958 1109 1969 1097 1972 1047 1972 1042 1969 1020 1958 1018 1958 1016 1958 968 1967 919 1958 917 1958 915 1958 895 1969 887 1972 880 1969 865 1961 864 1961 862 1961 860 1961 843 1969 832 1972 777 1969 709 1963 708 1963 684 1969 665 1972 656 1969 642 1961 640 1961 638 1961 636 1961 614 1969 598 1974 519 1974 510 1969 495 1961 493 1961 491 1961 432 1969 409 1970 403 1969 385 1959 383 1959 381 1959 379 1959 355 1969 341 1972 258 1972 253 1969 234 1959 232 1959 231 1959 161 1967 163 2009"/></Shape>
	    <String CONTENT="d&#x27;une phase occlusive où le flux d&#x27;air est bloqué, suivie par une étape fricative"
                    HPOS="161"
                    VPOS="1956"
                    WIDTH="2203"
                    HEIGHT="100"></String>
          </TextLine>
          <TextLine ID="eSc_line_7e5cc576"
                    TAGREFS="LT7"
                    BASELINE="163 2126 2335 2119" 
                    HPOS="161"
                    VPOS="2055"
                    WIDTH="2174"
                    HEIGHT="120">
            <Shape><Polygon POINTS="163 2145 700 2175 1273 2170 1309 2143 1739 2150 1740 2150 2333 2137 2335 2119 2320 2055 2144 2073 2142 2073 2140 2073 2095 2088 2045 2073 2043 2073 2041 2073 2040 2073 1992 2088 1953 2073 1951 2073 1950 2073 1948 2073 1906 2088 1874 2073 1873 2073 1818 2073 1816 2073 1814 2073 1786 2088 1755 2075 1753 2075 1751 2075 1750 2075 1704 2091 1634 2091 1596 2075 1594 2075 1592 2075 1590 2075 1559 2090 1427 2080 1425 2080 1304 2090 1269 2080 1267 2080 1265 2080 1263 2080 1262 2080 1243 2091 1091 2082 1089 2082 1087 2082 1067 2093 891 2093 849 2077 847 2077 746 2077 744 2077 742 2077 693 2093 658 2079 656 2079 654 2079 541 2093 445 2079 443 2079 372 2093 258 2079 256 2079 161 2095 163 2126"/></Shape>
	    <String CONTENT="où l&#x27;air retenu est relâché pour passer par une ouverture plutôt étroite. Ce son"
                    HPOS="161"
                    VPOS="2055"
                    WIDTH="2174"
                    HEIGHT="120"></String>
          </TextLine>
          <TextLine ID="eSc_line_541f893a"
                    TAGREFS="LT7"
                    BASELINE="159 2244 2394 2238" 
                    HPOS="157"
                    VPOS="2192"
                    WIDTH="2237"
                    HEIGHT="115">
            <Shape><Polygon POINTS="159 2260 236 2271 238 2271 1281 2307 2394 2255 2394 2238 2392 2205 2359 2194 2357 2194 2355 2194 2353 2194 2326 2205 2324 2205 2322 2205 2296 2194 2295 2194 2293 2194 2291 2194 2254 2205 2252 2205 2250 2205 2225 2196 2223 2196 2221 2196 2219 2196 2201 2205 2199 2207 1840 2207 1840 2205 1788 2192 1786 2192 1785 2192 1783 2192 1755 2207 1693 2207 1647 2192 1645 2192 1643 2192 1641 2192 1612 2207 1610 2207 1607 2207 1564 2196 1563 2196 1561 2196 1498 2207 1493 2207 1485 2207 1372 2194 1370 2194 1368 2194 1341 2207 1319 2207 880 2196 878 2196 876 2196 838 2209 836 2209 832 2209 796 2196 794 2196 792 2196 790 2196 765 2209 763 2211 693 2211 686 2209 574 2196 572 2196 570 2196 543 2209 543 2211 480 2211 480 2209 453 2196 451 2196 339 2196 337 2196 249 2207 203 2196 201 2196 199 2196 198 2196 157 2209 159 2244"/></Shape>
	    <String CONTENT="est produit en l&#x27;espace de temps nécessaire à la production d’une consonne occlusive"
                    HPOS="157"
                    VPOS="2192"
                    WIDTH="2237"
                    HEIGHT="115"></String>
          </TextLine>
          <TextLine ID="eSc_line_c70435fd"
                    TAGREFS="LT7"
                    BASELINE="165 2363 649 2361" 
                    HPOS="163"
                    VPOS="2308"
                    WIDTH="486"
                    HEIGHT="103">
            <Shape><Polygon POINTS="165 2379 558 2411 649 2361 645 2328 618 2328 618 2326 592 2308 590 2308 588 2308 587 2308 585 2308 543 2326 543 2328 420 2328 420 2326 401 2310 401 2308 399 2308 398 2308 396 2308 394 2308 341 2322 302 2308 300 2308 299 2308 297 2308 295 2308 295 2310 277 2324 176 2308 174 2308 172 2308 170 2308 170 2310 168 2310 163 2315 165 2363"/></Shape>
	    <String CONTENT="fricative simple."
                    HPOS="163"
                    VPOS="2308"
                    WIDTH="486"
                    HEIGHT="103"></String>
          </TextLine>
          <TextLine ID="eSc_line_10c851d6"
                    TAGREFS="LT7"
                    BASELINE="163 2601 2331 2590" 
                    HPOS="161"
                    VPOS="2539"
                    WIDTH="2170"
                    HEIGHT="123">
            <Shape><Polygon POINTS="163 2618 337 2618 434 2632 436 2632 749 2662 792 2630 794 2630 796 2630 821 2618 922 2616 1075 2629 1076 2629 1078 2629 1098 2618 1328 2616 1946 2625 1948 2625 1950 2625 1970 2614 2331 2610 2331 2590 2326 2552 2162 2555 2150 2550 2139 2546 2137 2546 2135 2546 2069 2550 1962 2557 1918 2550 1858 2539 1856 2539 1854 2539 1832 2550 1816 2557 1797 2550 1785 2544 1783 2544 1781 2544 1720 2550 1630 2557 1599 2548 1581 2544 1579 2544 1577 2544 1575 2544 1564 2548 1539 2561 1414 2561 1383 2548 1361 2541 1359 2541 1357 2541 1355 2541 1337 2548 1320 2555 1287 2548 1276 2546 1275 2546 1273 2546 1267 2548 1236 2561 1208 2548 1205 2546 1203 2546 1201 2546 1181 2548 1076 2561 1025 2548 1007 2542 1005 2542 942 2542 941 2542 939 2542 926 2548 891 2561 801 2553 799 2553 798 2553 757 2563 664 2546 647 2544 645 2544 643 2544 638 2546 609 2561 583 2552 581 2552 579 2552 577 2552 552 2563 526 2550 524 2550 522 2550 436 2563 348 2546 346 2546 161 2546 163 2601"/></Shape>
	    <String CONTENT="Les affriquées sont également appelées occlu-constrictives, (se)mi-constrictives"
                    HPOS="161"
                    VPOS="2539"
                    WIDTH="2170"
                    HEIGHT="123"></String>
          </TextLine>
          <TextLine ID="eSc_line_dc457cb5"
                    TAGREFS="LT7"
                    BASELINE="172 2717 816 2711" 
                    HPOS="170"
                    VPOS="2660"
                    WIDTH="646"
                    HEIGHT="77">
            <Shape><Polygon POINTS="172 2717 172 2737 814 2735 816 2711 814 2678 785 2662 783 2662 781 2662 779 2662 691 2678 599 2660 598 2660 596 2660 594 2660 568 2680 421 2680 388 2662 387 2662 385 2662 383 2662 381 2662 343 2671 282 2663 280 2663 278 2663 277 2663 277 2665 262 2680 255 2674 255 2673 253 2673 251 2673 190 2673 188 2673 187 2673 185 2673 170 2680 172 2717"/></Shape>
	    <String CONTENT="ou (se)mi-occlusives."
                    HPOS="170"
                    VPOS="2660"
                    WIDTH="646"
                    HEIGHT="77"></String>
          </TextLine>
          <TextLine ID="eSc_line_08d710a8"
                    TAGREFS="LT7"
                    BASELINE="166 2953 2335 2948" 
                    HPOS="158"
                    VPOS="2857"
                    WIDTH="2177"
                    HEIGHT="159">
            <Shape><Polygon POINTS="166 2970 535 3016 696 2994 849 2970 851 2970 853 2970 1221 2979 1223 2979 1225 2979 1245 2968 1862 2968 1918 2977 1920 2977 1922 2977 1942 2966 2333 2964 2335 2948 2333 2911 2280 2889 2278 2889 2162 2889 2161 2889 2159 2889 2117 2909 2113 2911 2107 2909 2078 2898 2076 2898 2074 2898 2073 2898 2052 2907 2027 2896 2025 2896 2023 2896 2021 2896 2006 2902 1979 2889 1977 2889 1931 2889 1929 2889 1928 2889 1889 2907 1882 2911 1858 2907 1735 2889 1733 2889 1731 2889 1696 2907 1685 2913 1608 2913 1585 2905 1553 2896 1552 2896 1550 2896 1548 2896 1528 2905 1513 2915 1462 2915 1445 2905 1416 2891 1414 2891 1412 2891 1410 2891 1381 2905 1363 2913 1221 2907 1216 2904 1196 2894 1194 2894 1192 2894 1190 2894 1170 2904 1148 2915 1027 2915 1007 2902 990 2894 988 2894 986 2894 985 2894 964 2902 935 2913 897 2905 895 2905 893 2905 891 2905 876 2916 803 2916 776 2902 768 2898 766 2898 765 2898 763 2898 753 2900 711 2914 508 2916 460 2900 440 2893 438 2893 392 2893 390 2893 388 2893 376 2898 346 2913 310 2898 295 2893 293 2893 293 2864 158 2857 166 2953"/></Shape>
	    <String CONTENT="Insta Lang-ya est une île norvégienne dans le comté de Hordaland. Elle"
                    HPOS="158"
                    VPOS="2857"
                    WIDTH="2177"
                    HEIGHT="159"></String>
          </TextLine>
          <TextLine ID="eSc_line_3a25aa17"
                    TAGREFS="LT7"
                    BASELINE="177 3070 2505 3065" 
                    HPOS="176"
                    VPOS="2988"
                    WIDTH="2329"
                    HEIGHT="160">
            <Shape><Polygon POINTS="236 3148 344 3100 346 3100 348 3100 374 3089 1709 3116 1739 3118 2268 3126 2379 3096 2381 3096 2383 3096 2416 3087 2427 3083 2502 3085 2505 3065 2502 3030 2425 3019 2423 3019 2421 3019 2383 3028 2357 3017 2355 3017 2353 3017 2276 3028 2271 3028 2269 3028 2232 3014 2230 3014 2228 3014 2227 3014 2190 3026 2003 3014 2001 3014 1935 3026 1922 3028 1906 3026 1816 3014 1814 3014 1812 3014 1785 3026 1779 3030 1724 3032 1579 3032 1566 3025 1546 3015 1544 3015 1542 3015 1541 3015 1520 3025 1507 3032 1269 3032 1252 3023 1240 3017 1238 3017 1236 3017 1234 3017 1221 3023 1208 3030 1056 3030 1038 3023 1023 3015 1021 3015 1020 3015 981 3023 946 3028 915 3021 893 3017 891 3017 889 3017 880 3021 856 3032 753 3021 713 3017 711 3017 689 3021 649 3028 631 3021 623 3017 621 3017 620 3017 599 3021 563 3026 522 3019 504 3017 502 3017 500 3017 495 3019 467 3032 405 3019 392 3017 390 3017 374 3019 311 3028 286 3019 282 3017 308 3026 247 2988 176 3017 177 3070"/></Shape>
	    <String CONTENT="fait partie du territoire de l&#x27;ancienne commune de -s, aujourd&#x27;hui rattachée à Bj-rnafjorden."
                    HPOS="176"
                    VPOS="2988"
                    WIDTH="2329"
                    HEIGHT="160"></String>
          </TextLine>
        </TextBlock>
        <TextBlock HPOS="0"
                   VPOS="1371"
                   WIDTH="1"
                   HEIGHT="2"
                   ID="eSc_textblock_a2caadd8"
                   TAGREFS="BT7">
          <Shape><Polygon POINTS="0 1373 0 1371 1 1371 1 1373 0 1373"/></Shape>
        </TextBlock>
        <TextBlock HPOS="0"
                   VPOS="2830"
                   WIDTH="1"
                   HEIGHT="2"
                   ID="eSc_textblock_51c7990c"
                   TAGREFS="BT7">
          <Shape><Polygon POINTS="0 2832 0 2830 1 2830 1 2832 0 2832"/></Shape>
        </TextBlock>
        <TextBlock HPOS="2203"
                   VPOS="2486"
                   WIDTH="112"
                   HEIGHT="12"
                   ID="eSc_textblock_6e2b285f"
                   TAGREFS="BT7">
          <Shape><Polygon POINTS="2203 2486 2315 2486 2315 2498 2206 2498 2203 2486"/></Shape>
        </TextBlock>
      </PrintSpace>
    </Page>
  </Layout>
</alto>
