2550 3300
1805 254 627 101 wikitexte_0183

227 375 2097 161 J'ai lu les conditions de participation et j'y consens.

225 504 2033 131 Je comprends que mon manuscrit sera anonymisé et

236 594 2029 143 utilisé par >< BAnQ pour des activités de recherche

243 720 1914 119 et développement et qu'il >< pourra aussi

231 795 2093 189 être publié et partagé sous licence CC-BY pour

249 930 2051 157 être utilisé librement à des fins >< non

236 1038 672 113 commerciales.

232 1167 2066 156 La médaille pour la libération d'Agdam ><

240 1288 1812 107 ><

243 1404 2006 153 (en >< azéri : A-dam-n azad olunmas-na gör-

232 1488 2108 180 medal-) est une distinction honorifique de la République

240 1629 2207 142 d'Azerbaïdjan. La médaille a été créée pour commémorer

221 1739 2033 150 la libération de la région d'Agdam le 20 novembre 2020

223 1859 1743 143 après la seconde guerre du Haut-Karabagh.

240 1954 2012 156 Augustine-Suzanne Brohan (Paris, 22 janvier 1807 -

236 2071 2092 156 Fontenay-aux-Roses, 14 août 1887) est une comédienne

221 2185 450 130 française.

216 2297 2014 153 Juan Manuel Martínez Ugarte (Haro, 1735 - Monastère

225 2418 1965 119 de San Felipe el Real, Madrid, 30 avril 1801), connu

229 2512 1983 151 sous le nom de Manuel Risco après avoir pris

231 2640 2079 179 l'habit, est un prêtre augustin et historien espagnol.

216 2740 1719 174 Puentes Viejas est une commune de la

223 2874 1969 159 communauté de Madrid, en >< Espagne.

223 2958 2066 202 Daughter of the Dragon est un film américain

2333 3127 70 97 1
