2550 3300
269 401 1942 113 J'ai lu les conditions de participation et j'y consens. Je

272 519 1857 102 comprends que mon manuscrit sera anonymisé et

272 618 1961 117 utilisé par BAnQ pour des activités de recherche et

275 737 1867 110 développement et qu'il pourra aussi être publié

277 852 1722 99 et partagé sous licence CC-BY pour être utilisé

275 959 1590 110 librement à des fins non commerciales.

269 1179 2000 99 La deuxième saison de Fiebre de Viña est diffusée au

264 1289 2063 99 Chili par Chilevision entre le 23 février 2013 et le 2 mars

255 1397 1981 104 2013 et été présenté par Cristián Sánchez, Carolina

277 1515 886 99 de Moras et Américo.

266 1729 1942 113 Petrus Erasmus van Zyl, né le 14 septembre 1989, est

253 1848 1969 121 joueur international sud-africain de rugby à XV qui

277 1960 1824 116 joue comme demi de mêlée pour le Stade français.

253 2172 1873 107 Jean-Frédéric de Holstein-Gottorp (en allemand Johann

264 2282 2123 116 Friedrich von Schleswig-Holstein-Gottorf), né le 1er septembre

255 2403 2040 99 1579 à Gottorp (Schleswig-Holstein), décédé le 3 septembre

258 2508 2069 115 1634 à Buxtehude. Il fut Prince-Archevêque de Brême,

247 2618 927 115 et Prince-évêque de Verden.

1764 194 503 75 wikitexte_0221
