2550 3300
1889 33 433 82 wikitexte_0179

71 52 129 104 1/2

221 165 2077 174 J'ai lu les conditions de participation et j'y consens. Je comprends que

238 339 2124 79 mon manuscrit sera anonymisé et utilisé par BAnQ pour des >< activités

242 447 2076 95 de recherche et développement et >< qu'il pourra aussi être publié et

258 555 1975 105 partagé sous licence CC-BY pour être utilisé librement à des fins

256 696 516 72 non commerciales.

240 909 2055 120 Les épreuves de cyclisme des Jeux du Commonwealth de 2002 se

253 1037 2040 110 sont déroulées à Manchester, en Angleterre. Trois disciplines sont

231 1153 2144 132 au programme : le cyclisme sur route, le cyclisme sur piste et le VTT.

242 1369 2128 160 Les >< Trigonopterygoidea sont une super-famille d'insectes orthoptères.

260 1611 2036 138 En théorie des graphes, le 36-graphe de Zamfirescu est un graphe ><

256 1741 2068 92 3-régulier possédant 36 sommets et 54 arêtes. Ses créateurs sont

249 1859 2095 97 deux mathématiciens roumains : Carol Zamfirescu et Tudor Zamfirescu.

249 2061 2110 137 Jusqu'au dernier gramme est une saga de clips vidéo de 8 à 30 min

256 2216 2007 103 du groupe PNL réalisé par Mess. Cette saga est composée de 4

267 2306 1934 132 clips : Naha, >< Onizuka, >< Bené et Jusqu'au dernier gramme.

271 2504 2022 158 Banff-Airdrie est une circonscription électorale fédérale canadienne

275 2678 2000 125 de l'Alberta qui contient la ville d'Airdrie et le parc national de

269 2791 2069 107 Banff. Elle a été créée en 2012 des circonscriptions de Wild Rose

302 2922 382 93 et Macleod.
