2550 3300
1641 232 674 112 WIKITEXTE_0235

308 351 2153 111 J'AI LU LES CONDITIONS DE PARTICIPATION ET J'Y CONSENS.

305 503 2115 69 JE COMPRENDS QUE MON MANUSCRIT SERA ANONYMISÉ

319 602 1906 88 ET UTILISÉ PAR BANQ POUR DES ACTIVITÉS DE

310 717 2055 83 RECHERCHE ET DÉVELOPPEMENT, ET QU'IL POURRA

289 809 1996 104 AUSSI ÊTRE PUBLIÉ ET PARTAGÉ SOUS LICENCE

313 940 2069 94 CC-BY POUR ÊTRE UTILISÉ LIBREMENT À DES FINS

299 1067 2138 77 NON COMMERCIALES. HORUS AU SEREKH OU DOUBLE

297 1182 2058 75 FAUCON EST UN ROI AYANT UN SEREKH SURMONTÉ

299 1292 2198 83 PAR DEUX FAUCONS MAIS AUCUN NOM N'EST INDIQUÉ.

310 1416 2102 69 IL EST ENTERRÉ DANS LA NÉCROPOLE D'OUMM ET

310 1489 2187 108 QU'AB À ABYDOS. PLUSIEURS SEREKHS ANONYMES ONT

308 1633 2049 77 ÉTÉ TROUVÉS DANS LE CIMETIÈRES U D'ABYDOS.

324 1712 2060 108 ON PENSE QU'À L'ORIGINE LE PEUBLE « DES FAUÇONS »

308 1829 2064 107 AVAIT ETABLI UN ROYAUME PRIMITIF à 650KM DE

319 1982 2046 69 LA MER SUR UNE FRACTION DE LA VALLEE DU NIL

327 2060 1480 107 COMPRIS ENTRE LOUXOR ET EDFOU.

306 2200 1983 77 TUTU (1986) EST UN ALBUM DU COMPOSITEUR ET

308 2307 2063 88 TROMPETTISTE DE JAZZ AMERICAIN MILES DAVIS,

316 2405 2068 100 COMPOSÉ PAR MARCUS MILLER. PRODUIT PAR TOMMY

327 2532 1884 91 LiPUMA ET MARCUS MILLER, SORTI EN 1986

299 2614 2058 114 ADRIANA FABBRI SERONI OU SIMPLEMENT ADRIANA

319 2750 2126 93 SERONI, NÉE LE 9 JUIN 1922 À FLORENCE ET MORTE

293 2852 2165 107 LE 9 AVRIL 1984, EST UNE FEMME POLITIQUE ITALIENNE,

299 2945 2190 127 MEMBRE DU PARTI COMMUNISTE ITALIEN (PCI), JOURNALISTE ET

2386 3118 122 118 1/2
