2550 3300
414 452 1959 137 Il borgomastro di Saardam est un dramma

401 556 1908 115 giocoso en deux actes de Gaetano Donizetti.

412 631 1934 136 La première eut lieu au >< Teatro Nuovo ou

401 727 1923 112 au Teatro del Fondo, à Naples, le 19 août

403 795 1877 127 1827. La distribution comprenait la prima

410 889 1885 132 donna Caroline Unger, pour laquelle Donizetti

407 979 1891 121 avait composé le rôle de la protagoniste.

401 1061 1844 83 Le livret de >< Domenico Gilardoni

396 1122 2029 158 repose sur la comédie Le Bourgmestre de Saardam

414 1219 1765 99 ou les Deux Pierre (1818) de Mélesville,

398 1305 1931 131 de Jean-Toussaint Merle et d'Eugène Cantiran

410 1395 1848 118 de Boirie. L'opéra connut un grand succès

399 1477 1971 97 à Naples, mais fut un échec à Milan l'année

432 1560 2006 153 suivante. Albert Lortzing s'inspira de la mëme

416 1644 1921 97 histoire pour composer son opéra Zar und

401 1728 1272 87 <> Zimmermann en 1837.

398 1871 1752 159 Stardust est un roman de fantasy de

405 1963 1912 127 l’écrivain anglais Neil Gaiman publié au

440 2033 1858 151 Royaume-Uni en 1999 et en France en 2001.

407 2263 1851 181 La micro-région de Szarvas (en hongrois :

437 2378 1593 112 suarvasi kistérség) est une <>

443 2458 1886 133 micro-région statistique hongroise rassemblant

414 2545 1642 131 plusieurs localités autour de Szarvas.

1895 51 609 101 wikitexte_0243
